2434 3530
640 335 691 364 LE
714 335 860 364 LIBER
883 334 1117 365 CENSUUM
1142 334 1195 363 DE
1220 327 1405 365 L'IJJGLISE
1430 336 1637 367 ROMAINE.

135 401 188 437 tio,
205 400 296 430 debet
310 400 431 431 eisdem
451 400 652 430 marescalcis
669 401 912 431 elemosinarius
931 401 969 430 de
987 400 1099 430 elimo-

134 454 207 483 sina
231 454 316 483 dare.
342 471 379 475 —
405 454 494 484 Datis
516 464 556 483 xn
583 454 747 484 denariis-'¹
772 454 990 491 marescalcis,
1017 454 1100 483 sicut

132 506 253 536 dictum
273 511 319 536 est
336 507 496 545 superins,
516 507 608 536 datur
625 506 739 536 melior
755 511 882 536 moneta
901 506 1097 544 primicerio,

134 558 252 589 deinde
267 559 306 589 de
324 559 452 590 residuo
467 559 561 589 datur
579 563 665 589 sexta
682 568 753 598 pars
774 559 954 597 primicerio
971 563 1000 588 et
1017 557 1100 589 scole

133 615 318 647 cantorum;
346 612 468 651 relique
490 621 563 642 vero
585 612 685 650 partis
709 611 863 641 medietas
883 611 976 641 datur
994 611 1099 640 cardi-

135 664 265 694 nalibus
291 665 436 696 diaconis
462 670 492 694 et
515 665 736 699 subdiaconis,
759 664 822 694 alia
847 672 921 694 vero
945 664 1100 694 medietas

134 717 336 748 solummodo
352 717 557 756 cappellanis.
582 718 681 747 Missa
699 726 772 747 vero
793 717 832 746 de
850 726 938 746 more
958 721 1098 753 cantata,

134 770 272 800 domnus
289 779 367 810 papa
387 771 558 800 revertitur
574 770 612 799 ad
634 770 800 808 palatium.
824 769 856 799 Si
872 774 978 799 autern
996 778 1100 799 came-

135 823 238 853 rarius
254 823 403 859 voluerit,
414 823 585 852 distribuet
600 823 717 860 viginti
734 822 878 861 quinque
894 822 1004 858 libras,
1015 830 1100 860 pres-

135 876 296 915 byterium
318 875 546 914 supradictum.
572 875 630 905 Sin
654 879 778 913 autem,
797 876 895 914 priori
919 875 1049 905 basilice
1072 879 1103 905 et

134 928 309 958 rectoribus
336 928 422 957 urbis
447 928 710 958 distribuendum
732 929 926 964 committet,
952 927 1019 957 illis
1044 929 1100 967 qui

134 981 350 1010 interfuerant
367 981 405 1010 ad
425 981 631 1011 scribendum
648 981 821 1020 adjunctis.

174 1033 249 1072 [67].
270 1033 314 1063 De
330 1034 390 1063 isto
407 1034 605 1072 presbyterio
623 1035 740 1063 dantur
753 1035 778 1054 ³³
796 1044 802 1064 τ

213 1088 246 1117 in
262 1087 376 1126 primis
392 1092 501 1117 sancto
519 1087 610 1117 Petro
626 1097 663 1117 xx
682 1087 740 1117 sol.

215 1144 324 1171 sancto
340 1140 482 1170 Johanni
501 1141 709 1170 Lateranensi
726 1151 745 1169 v
762 1141 820 1170 sol.

215 1198 323 1223 sancte
343 1194 443 1223 Marie
458 1194 575 1232 majori
592 1203 611 1222 v
627 1193 683 1223 sol.

214 1251 323 1276 sancto
340 1246 513 1275 Laurentio
526 1245 604 1276 foris
623 1255 752 1275 murum
771 1256 789 1275 v
806 1246 864 1276 sol.

214 1299 391 1337 unicuique
402 1298 662 1329 cardinalatuum
678 1309 712 1328 111
726 1299 796 1335 sol.,
816 1299 882 1329 illis
895 1301 1032 1338 exceptis
1047 1299 1102 1338 qui

255 1352 311 1390 qui
326 1351 423 1381 lectos
435 1352 460 1372 ³⁴
478 1352 674 1390 supradictos
697 1352 731 1381 in
751 1352 954 1391 processione
971 1357 1100 1391 parant,

255 1409 380 1443 propter
396 1405 455 1434 hoc
471 1414 513 1434 x11
530 1404 604 1434 den.
622 1405 761 1444 amplius
778 1405 909 1434 hahent.

217 1457 391 1496 unicuique
407 1458 553 1488 diaconie
578 1467 599 1487 ιι
622 1457 699 1494 sol.,
725 1461 854 1497 excepta
873 1463 982 1488 sancta
1001 1459 1104 1488 Maria

254 1511 359 1547 Nora,
377 1520 439 1550 que
456 1519 512 1549 pro
528 1511 606 1540 lecto
628 1510 711 1540 ultra
729 1520 771 1540 xn
786 1510 860 1541 den.
878 1511 985 1548 habet,
1004 1516 1034 1541 et
1049 1520 1101 1541 ex-

255 1569 342 1602 cepta
360 1563 491 1593 ecclesia
508 1563 610 1593 sancti
626 1563 798 1600 Theodori,
815 1572 878 1602 que
892 1572 947 1602 pro
964 1563 1069 1593 lancia
1080 1564 1103 1584 ³⁵

257 1616 351 1646 debet
367 1616 484 1646 habere
501 1625 544 1645 xn
562 1616 792 1654 provenienses
807 1616 899 1645 ultra.

219 1669 392 1708 unicuique
410 1669 603 1699 monasterio
617 1673 705 1698 extra
721 1668 834 1698 urbem
848 1678 881 1697 111
898 1668 954 1698 sol.

177 1723 251 1753 Istis
266 1731 304 1752 an
312 1727 373 1751 tem
391 1722 592 1751 monasteriis
606 1721 639 1751 in
657 1721 735 1751 urhe
751 1721 869 1751 dantur
885 1731 918 1750 ιιι
933 1721 991 1752 sol.
1011 1733 1017 1751 :

215 1776 408 1807 monasterio
424 1776 524 1805 sancti
542 1775 675 1810 Cesarii,

216 1828 412 1859 monasterio
431 1833 540 1858 sancte
558 1827 712 1865 Agathes,

215 1881 409 1911 monasterio
428 1881 637 1919 Panisperne‚

215 1933 410 1964 monasterio
426 1933 464 1963 de
482 1932 633 1967 Pallaria,

215 1986 410 2016 monasterio
426 1985 526 2015 sancti
541 1985 656 2015 Cosme
676 1991 762 2015 trans
778 1987 942 2025 Tyberim.

216 2039 410 2069 monasterio
423 2038 525 2068 sancti
540 2038 685 2068 Silvestri
703 2039 734 2067 in
751 2039 864 2078 capite,

217 2091 411 2122 monasterio
429 2090 588 2130 Capitolii,

216 2145 412 2175 monasterio
428 2144 531 2174 sancti
548 2144 652 2180 Alexi,

216 2197 411 2227 monasterio
427 2200 534 2226 sancte
551 2197 644 2233 Sabe,

216 2251 410 2280 monasterio
426 2249 529 2279 clivus
547 2249 658 2285 Cauri,

217 2302 410 2333 monasterio
429 2303 529 2332 sancti
552 2301 676 2336 Basilii,

217 2355 413 2385 monasterio
431 2358 539 2384 sancte
555 2354 678 2390 Crucis,

217 2412 325 2437 sancte
340 2407 442 2437 Marie
459 2407 492 2436 in
512 2408 717 2437 monasterio.

177 2460 250 2490 Istis
266 2468 339 2490 vero
355 2459 560 2490 monasteriis
576 2464 606 2489 et
621 2460 765 2490 ecclesiis
782 2470 803 2489 11
820 2461 877 2491 sol.
899 2473 904 2490 :

217 2513 411 2543 monasterio
423 2512 523 2548 Julie,

218 2565 415 2595 monasterio
430 2570 538 2595 sancte
558 2565 707 2601 Bibiane‚

218 2618 413 2648 monasterio
432 2617 544 2656 Campi
562 2617 687 2652 Martis,

219 2671 413 2701 monasterio
431 2670 561 2701 domine
580 2671 673 2707 Rose,

221 2723 414 2753 monasterio
430 2722 588 2762 Tempoli,

218 2776 411 2806 monasterio
425 2775 527 2806 sancti
542 2775 706 2806 Johannis
722 2780 810 2814 porte
827 2777 952 2815 Latine,

219 2829 413 2859 monasterio
430 2828 583 2864 Maxime,

127 2994 155 3024 a)
173 2993 301 3018 denarios
317 2995 378 3017 cod.

1302 404 1494 432 monasterio
1515 404 1702 440 Biliemtice,

1302 456 1494 484 monasterio
1511 457 1609 485 sair-ti
1628 457 1748 486 Tlionie
1764 457 1802 486 de
1820 457 1954 491 Formis,

1302 509 1497 537 monasterio
1516 509 1668 544 Mirandi,

1303 561 1494 590 monasterio
1511 566 1617 592 sancte
1634 562 1814 597 Trinitatis,

1303 614 1494 643 monasterio
1511 615 1611 643 sancti
1629 615 1790 644 Joliannis
1809 615 1846 645 de
1867 616 1985 652 insula,

1305 667 1496 696 monasterio
1513 669 1613 696 sancti
1631 668 1759 704 Leonis,

1305 719 1497 748 monasterio
1515 720 1614 749 sancti
1631 718 1751 749 Ccsarii
1769 722 2012 758 monachorum,

1303 772 1497 802 monasterio
1514 773 1614 802 sancti
1630 773 1759 803 Ciriaci.

1267 823 1341 852 Istis
1357 824 1501 854 ecclesiis
1517 834 1593 854 xviii
1611 825 1682 855 den.
1705 836 1709 854 :

1305 881 1411 906 sancte
1429 878 1530 907 Marie
1548 879 1578 906 in
1596 879 1788 912 Monticellov

1305 930 1406 959 sancti
1423 930 1546 960 Tliome
1562 931 1599 960 de
1620 931 1841 970 Fiaternitate,

1306 986 1413 1012 sancte
1431 983 1579 1016 Martine,

1306 1036 1407 1065 sancti
1424 1036 1609 1074 Triphonis‚

1306 1092 1414 1118 sancte
1432 1089 1532 1118 Mai-ie
1552 1089 1713 1126 Rotunde,

1306 1141 1409 1171 sancti
1424 1142 1603 1181 Apolinari,

1307 1199 1415 1224 sancto
1430 1195 1534 1225 Celso.

1267 1248 1341 1277 Istis
1357 1248 1509 1287 cappellis
1524 1258 1566 1277 Δῑιι
1583 1249 1656 1278 deu.
1680 1262 1685 1277 z

1307 1306 1416 1331 sancto
1435 1301 1619 1337 Vincentio,

1307 1359 1416 1384 sancto
1434 1354 1596 1392 Miehaeli,

1309 1412 1416 1437 sancte
1436 1408 1537 1437 Mai-ie
1553 1408 1587 1437 in
1604 1408 1708 1443 Saxia,

1308 1460 1388 1490 lecto
1403 1461 1574 1498 graduum,

1307 1517 1415 1542 sancte
1431 1513 1533 1543 Mai-ie
1550 1513 1769 1552 Synodochio,

1307 1570 1416 1595 sancte
1434 1566 1534 1595 Marie
1551 1566 1586 1595 in
1601 1566 1762 1602 Catener.‚

1307 1617 1464 1648 Salvatori
1481 1619 1604 1658 Campi,

1307 1674 1416 1701 sancto
1434 1671 1534 1702 Paulo
1553 1671 1679 1707 Areole‚

1308 1729 1416 1754 sancto
1434 1725 1605 1754 Anastasio
1623 1726 1754 1762 Arenle,

1307 1781 1416 1807 sancto
1437 1778 1558 1812 Kirico,

1308 1834 1416 1860 sancto
1433 1831 1583 1866 Abaciro,

1307 1887 1415 1912 sancte
1434 1883 1532 1912 Mai-ie
1548 1893 1564 1912 a
1583 1883 1745 1919 Flumine,

1309 1940 1418 1965 sancto
1437 1935 1598 1974 Stephano
1615 1936 1654 1966 de
1668 1937 1779 1973 Pinea,

1308 1992 1417 2018 sancto
1432 1989 1571 2025 Macuto,

1308 2045 1415 2070 sancte
1432 2041 1534 2070 Max-ie
1550 2041 1588 2071 de
1605 2042 1748 2078 Canella,

1309 2097 1417 2123 sancto
1434 2094 1608 2124 Laurentio
1626 2095 1802 2131 Piscinule,

1310 2151 1418 2176 sancto
1438 2147 1608 2176 Laurentio
1624 2147 1662 2177 do
1680 2148 1906 2185 Mundezariis7

1310 2204 1416 2229 sancte
1433 2200 1535 2229 Marie
1552 2201 1584 2229 in
1602 2200 1782 2237 Petrochia‚

1309 2256 1417 2282 sancte
1434 2253 1534 2282 Marie
1552 2253 1783 2288 Secundicerii,

1310 2309 1418 2335 sancto
1433 2305 1605 2336 Valentino
1623 2311 1710 2336 extra
1725 2307 1850 2343 urbem,

1311 2357 1474 2396 hospitali,

1311 2415 1421 2441 sancto
1437 2411 1541 2441 Blasio
1557 2411 1594 2442 de
1609 2412 1759 2450 Mercato,

1311 2468 1418 2493 sancte
1436 2464 1536 2494 Marie
1552 2465 1585 2494 in
1603 2465 1792 2504 Trespadin.

1512 2674 1607 2713 [XL.]
1627 2676 1664 2704 De
1683 2677 1830 2713 viryarz'is
1843 2677 1879 2705 ³⁶.

1273 2777 1346 2817 [68].
1366 2778 1507 2816 Virgarii
1522 2789 1541 2808 x
1557 2779 1615 2810 sol.
1632 2781 1820 2818 provesinos
1836 2790 1892 2820 pro
1907 2782 1987 2812 lecto
2003 2783 2133 2815 habent.

1513 2885 1549 2914 De
1564 2886 1644 2914 scola
1661 2887 1831 2923 yuz'donum
1845 2889 1881 2917 ³⁷.

1275 2988 1366 3019 Scole
1384 2989 1564 3027 guidonum
1581 2999 1599 3019 x
1613 2990 1672 3020 sol.

2130 340 2186 369 309

1271 2516 1392 2546 Omnes
1408 2521 1517 2546 autem
1533 2517 1594 2546 alie
1611 2517 1744 2548 ecclesie
1760 2518 1846 2548 urbis
1861 2519 2070 2557 singulariter
2083 2520 2200 2551 debent

1230 2567 1348 2598 habere
1365 2578 1421 2598 vni
1437 2569 1511 2599 den.
