<?xml version="1.0" encoding="UTF-8"?>
<!DOCTYPE html PUBLIC "-//W3C//DTD XHTML 1.0 Transitional//EN"
    "http://www.w3.org/TR/xhtml1/DTD/xhtml1-transitional.dtd">
<html xmlns="http://www.w3.org/1999/xhtml" xml:lang="en" lang="en">
 <head>
  <title>
</title>
<meta http-equiv="Content-Type" content="text/html;charset=utf-8" />
  <meta name='ocr-system' content='tesseract 3.04.00' />
  <meta name='ocr-capabilities' content='ocr_page ocr_carea ocr_par ocr_line ocrx_word'/>
</head>
<body>
  <div class='ocr_page' id='page_1' title='image "./lelibercensuumde03fabruoft_0130.png"; bbox 0 0 2434 3530; ppageno 0'>
   <div class='ocr_carea' id='block_1_1' title="bbox 70 1093 95 1111">
    <p class='ocr_par' dir='ltr' id='par_1_1' title="bbox 70 1093 95 1111">
     <span class='ocr_line' id='line_1_1' title="bbox 70 1093 95 1111; baseline 0 0"><span class='ocrx_word' id='word_1_1' title='bbox 70 1093 95 1111; x_wconf 70' lang='lat' dir='ltr'>{O</span> 
     </span>
    </p>
   </div>
   <div class='ocr_carea' id='block_1_2' title="bbox 72 1357 96 1375">
    <p class='ocr_par' dir='ltr' id='par_1_2' title="bbox 72 1357 96 1375">
     <span class='ocr_line' id='line_1_2' title="bbox 72 1357 96 1375; baseline 0 0"><span class='ocrx_word' id='word_1_2' title='bbox 72 1357 96 1375; x_wconf 73' lang='lat'>15</span> 
     </span>
    </p>
   </div>
   <div class='ocr_carea' id='block_1_3' title="bbox 73 1736 100 1755">
    <p class='ocr_par' dir='ltr' id='par_1_3' title="bbox 73 1736 100 1755">
     <span class='ocr_line' id='line_1_3' title="bbox 73 1736 100 1755; baseline 0.037 -1"><span class='ocrx_word' id='word_1_3' title='bbox 73 1736 100 1755; x_wconf 72' lang='lat'>20</span> 
     </span>
    </p>
   </div>
   <div class='ocr_carea' id='block_1_4' title="bbox 80 2267 105 2285">
    <p class='ocr_par' dir='ltr' id='par_1_4' title="bbox 80 2267 105 2285">
     <span class='ocr_line' id='line_1_4' title="bbox 80 2267 105 2285; baseline -0.08 0"><span class='ocrx_word' id='word_1_4' title='bbox 80 2267 105 2285; x_wconf 77' lang='lat'>30</span> 
     </span>
    </p>
   </div>
   <div class='ocr_carea' id='block_1_5' title="bbox 82 2531 106 2549">
    <p class='ocr_par' dir='ltr' id='par_1_5' title="bbox 82 2531 106 2549">
     <span class='ocr_line' id='line_1_5' title="bbox 82 2531 106 2549; baseline 0 0"><span class='ocrx_word' id='word_1_5' title='bbox 82 2531 106 2549; x_wconf 77' lang='lat'>35</span> 
     </span>
    </p>
   </div>
   <div class='ocr_carea' id='block_1_6' title="bbox 162 475 174 488">
    <p class='ocr_par' dir='ltr' id='par_1_6' title="bbox 162 475 174 488">
     <span class='ocr_line' id='line_1_6' title="bbox 162 475 174 488; baseline 0 0"><span class='ocrx_word' id='word_1_6' title='bbox 162 475 174 488; x_wconf 62' lang='grc' dir='ltr'>ἣ</span> 
     </span>
    </p>
   </div>
   <div class='ocr_carea' id='block_1_7' title="bbox 163 528 174 541">
    <p class='ocr_par' dir='ltr' id='par_1_7' title="bbox 163 528 174 541">
     <span class='ocr_line' id='line_1_7' title="bbox 163 528 174 541; baseline 0 0"><span class='ocrx_word' id='word_1_7' title='bbox 163 528 174 541; x_wconf 62' lang='grc' dir='ltr'>ὓ</span> 
     </span>
    </p>
   </div>
   <div class='ocr_carea' id='block_1_8' title="bbox 161 581 175 595">
    <p class='ocr_par' dir='ltr' id='par_1_8' title="bbox 161 581 175 595">
     <span class='ocr_line' id='line_1_8' title="bbox 161 581 175 595; baseline -0.143 0"><span class='ocrx_word' id='word_1_8' title='bbox 161 581 175 595; x_wconf 84' lang='grc'>))</span> 
     </span>
    </p>
   </div>
   <div class='ocr_carea' id='block_1_9' title="bbox 163 634 175 647">
    <p class='ocr_par' dir='ltr' id='par_1_9' title="bbox 163 634 175 647">
     <span class='ocr_line' id='line_1_9' title="bbox 163 634 175 647; baseline -0.083 0"><span class='ocrx_word' id='word_1_9' title='bbox 163 634 175 647; x_wconf 73' lang='lat' dir='ltr'>i&gt;</span> 
     </span>
    </p>
   </div>
   <div class='ocr_carea' id='block_1_10' title="bbox 163 739 176 752">
    <p class='ocr_par' dir='ltr' id='par_1_10' title="bbox 163 739 176 752">
     <span class='ocr_line' id='line_1_10' title="bbox 163 739 176 752; baseline 0 0"><span class='ocrx_word' id='word_1_10' title='bbox 163 739 176 752; x_wconf 61' lang='lat'>&gt;5</span> 
     </span>
    </p>
   </div>
   <div class='ocr_carea' id='block_1_11' title="bbox 665 357 1667 410">
    <p class='ocr_par' dir='ltr' id='par_1_11' title="bbox 665 357 1667 410">
     <span class='ocr_line' id='line_1_11' title="bbox 665 357 1667 410; baseline -0.013 0"><span class='ocrx_word' id='word_1_11' title='bbox 665 381 713 410; x_wconf 86' lang='lat' dir='ltr'>LE</span> <span class='ocrx_word' id='word_1_12' title='bbox 737 376 883 408; x_wconf 80' lang='lat' dir='ltr'>LIBER</span> <span class='ocrx_word' id='word_1_13' title='bbox 906 368 1142 403; x_wconf 80' lang='lat' dir='ltr'>CENSUUM</span> <span class='ocrx_word' id='word_1_14' title='bbox 1165 367 1220 396; x_wconf 85' lang='lat' dir='ltr'>DE</span> <span class='ocrx_word' id='word_1_15' title='bbox 1243 357 1431 407; x_wconf 69' lang='lat' dir='ltr'>L&#39;EGLISE</span> <span class='ocrx_word' id='word_1_16' title='bbox 1454 368 1667 399; x_wconf 84' lang='lat' dir='ltr'>ROMAINE.</span> 
     </span>
    </p>
   </div>
   <div class='ocr_carea' id='block_1_12' title="bbox 199 433 1127 703">
    <p class='ocr_par' dir='ltr' id='par_1_12' title="bbox 199 433 1127 703">
     <span class='ocr_line' id='line_1_12' title="bbox 200 433 1124 490; baseline -0.03 0"><span class='ocrx_word' id='word_1_17' title='bbox 200 469 262 490; x_wconf 91' lang='lat' dir='ltr'>non</span> <span class='ocrx_word' id='word_1_18' title='bbox 281 459 375 488; x_wconf 80' lang='lat' dir='ltr'>suerit</span> <span class='ocrx_word' id='word_1_19' title='bbox 391 459 445 485; x_wconf 88' lang='lat' dir='ltr'>aut</span> <span class='ocrx_word' id='word_1_20' title='bbox 464 461 526 482; x_wconf 92' lang='lat' dir='ltr'>non</span> <span class='ocrx_word' id='word_1_21' title='bbox 546 447 726 481; x_wconf 77' lang='lat' dir='ltr'>transierit,</span> <span class='ocrx_word' id='word_1_22' title='bbox 745 443 897 474; x_wconf 87' lang='lat' dir='ltr'>similiter</span> <span class='ocrx_word' id='word_1_23' title='bbox 913 438 1023 468; x_wconf 83' lang='lat' dir='ltr'>reddet</span> <span class='ocrx_word' id='word_1_24' title='bbox 1040 433 1124 473; x_wconf 78' lang='lat' dir='ltr'>apud</span> 
     </span>
     <span class='ocr_line' id='line_1_13' title="bbox 199 492 1125 543; baseline -0.023 -1"><span class='ocrx_word' id='word_1_25' title='bbox 199 511 363 543; x_wconf 77' lang='lat' dir='ltr'>castellum</span> <span class='ocrx_word' id='word_1_26' title='bbox 382 508 482 537; x_wconf 70' lang='lat' dir='ltr'>sant-ti</span> <span class='ocrx_word' id='word_1_27' title='bbox 499 504 628 542; x_wconf 68' lang='lat' dir='ltr'>Angeli.</span> <span class='ocrx_word' id='word_1_28' title='bbox 648 503 781 539; x_wconf 73' lang='lat' dir='ltr'>Legatos</span> <span class='ocrx_word' id='word_1_29' title='bbox 797 502 915 532; x_wconf 80' lang='lat' dir='ltr'>antem,</span> <span class='ocrx_word' id='word_1_30' title='bbox 929 504 1008 535; x_wconf 83' lang='lat' dir='ltr'>qnos</span> <span class='ocrx_word' id='word_1_31' title='bbox 1025 492 1125 523; x_wconf 87' lang='lat' dir='ltr'>domi-</span> 
     </span>
     <span class='ocr_line' id='line_1_14' title="bbox 201 547 1126 603; baseline -0.021 -8"><span class='ocrx_word' id='word_1_32' title='bbox 201 576 260 595; x_wconf 89' lang='lat' dir='ltr'>nus</span> <span class='ocrx_word' id='word_1_33' title='bbox 282 573 359 603; x_wconf 84' lang='lat' dir='ltr'>papa</span> <span class='ocrx_word' id='word_1_34' title='bbox 383 562 421 591; x_wconf 86' lang='lat' dir='ltr'>ad</span> <span class='ocrx_word' id='word_1_35' title='bbox 443 569 515 589; x_wconf 80' lang='lat' dir='ltr'>enm</span> <span class='ocrx_word' id='word_1_36' title='bbox 543 556 687 591; x_wconf 75' lang='lat' dir='ltr'>miserit,</span> <span class='ocrx_word' id='word_1_37' title='bbox 715 555 747 583; x_wconf 92' lang='lat' dir='ltr'>in</span> <span class='ocrx_word' id='word_1_38' title='bbox 775 552 882 583; x_wconf 81' lang='lat' dir='ltr'>eundo</span> <span class='ocrx_word' id='word_1_39' title='bbox 909 554 937 580; x_wconf 84' lang='lat' dir='ltr'>et</span> <span class='ocrx_word' id='word_1_40' title='bbox 962 547 1126 578; x_wconf 85' lang='lat' dir='ltr'>redeundo</span> 
     </span>
     <span class='ocr_line' id='line_1_15' title="bbox 201 602 1127 648; baseline -0.021 0"><span class='ocrx_word' id='word_1_41' title='bbox 201 626 328 648; x_wconf 77' lang='lat' dir='ltr'>securos</span> <span class='ocrx_word' id='word_1_42' title='bbox 352 616 446 645; x_wconf 79' lang='lat' dir='ltr'>saciet</span> <span class='ocrx_word' id='word_1_43' title='bbox 467 618 528 642; x_wconf 87' lang='lat' dir='ltr'>tam</span> <span class='ocrx_word' id='word_1_44' title='bbox 550 621 567 639; x_wconf 80' lang='lat' dir='ltr'>a</span> <span class='ocrx_word' id='word_1_45' title='bbox 589 620 622 639; x_wconf 83' lang='lat' dir='ltr'>se</span> <span class='ocrx_word' id='word_1_46' title='bbox 643 617 739 647; x_wconf 82' lang='lat' dir='ltr'>qnam</span> <span class='ocrx_word' id='word_1_47' title='bbox 763 616 781 636; x_wconf 81' lang='lat' dir='ltr'>a</span> <span class='ocrx_word' id='word_1_48' title='bbox 804 606 881 639; x_wconf 79' lang='lat' dir='ltr'>suis,</span> <span class='ocrx_word' id='word_1_49' title='bbox 903 609 932 633; x_wconf 86' lang='lat' dir='ltr'>et</span> <span class='ocrx_word' id='word_1_50' title='bbox 956 603 982 632; x_wconf 82' lang='lat' dir='ltr'>si</span> <span class='ocrx_word' id='word_1_51' title='bbox 1003 602 1048 631; x_wconf 87' lang='lat' dir='ltr'>eis</span> <span class='ocrx_word' id='word_1_52' title='bbox 1070 610 1127 630; x_wconf 86' lang='lat' dir='ltr'>ne-</span> 
     </span>
     <span class='ocr_line' id='line_1_16' title="bbox 201 653 1125 703; baseline -0.022 -2"><span class='ocrx_word' id='word_1_53' title='bbox 201 672 338 701; x_wconf 72' lang='lat' dir='ltr'>scienter</span> <span class='ocrx_word' id='word_1_54' title='bbox 355 667 474 703; x_wconf 73' lang='lat' dir='ltr'>injuria</span> <span class='ocrx_word' id='word_1_55' title='bbox 490 664 577 694; x_wconf 84' lang='lat' dir='ltr'>illata</span> <span class='ocrx_word' id='word_1_56' title='bbox 596 662 705 693; x_wconf 69' lang='lat' dir='ltr'>fuerit,</span> <span class='ocrx_word' id='word_1_57' title='bbox 728 659 766 689; x_wconf 91' lang='lat' dir='ltr'>ad</span> <span class='ocrx_word' id='word_1_58' title='bbox 787 655 1028 688; x_wconf 87' lang='lat' dir='ltr'>emendandum</span> <span class='ocrx_word' id='word_1_59' title='bbox 1048 653 1125 682; x_wconf 83' lang='lat' dir='ltr'>fide-</span> 
     </span>
    </p>
   </div>
   <div class='ocr_carea' id='block_1_13' title="bbox 201 719 498 760">
    <p class='ocr_par' dir='ltr' id='par_1_13' title="bbox 201 719 498 760">
     <span class='ocr_line' id='line_1_17' title="bbox 201 719 498 760; baseline -0.027 -6"><span class='ocrx_word' id='word_1_60' title='bbox 201 725 272 754; x_wconf 80' lang='lat' dir='ltr'>liter</span> <span class='ocrx_word' id='word_1_61' title='bbox 289 719 464 760; x_wconf 85' lang='lat' dir='ltr'>adjuvabit.</span> <span class='ocrx_word' id='word_1_62' title='bbox 486 730 498 743; x_wconf 80' lang='lat' dir='ltr'>n</span> 
     </span>
    </p>
   </div>
   <div class='ocr_carea' id='block_1_14' title="bbox 121 878 879 915">
    <p class='ocr_par' dir='ltr' id='par_1_14' title="bbox 121 878 879 915">
     <span class='ocr_line' id='line_1_18' title="bbox 121 878 879 915; baseline -0.024 0"><span class='ocrx_word' id='word_1_63' title='bbox 121 882 303 915; x_wconf 71' lang='lat' dir='ltr'>CXXXVI.</span> <span class='ocrx_word' id='word_1_64' title='bbox 323 896 360 902; x_wconf 96' lang='lat'>--</span> <span class='ocrx_word' id='word_1_65' title='bbox 377 879 486 908; x_wconf 57' lang='lat' dir='ltr'>Forma</span> <span class='ocrx_word' id='word_1_66' title='bbox 503 882 671 905; x_wconf 65' lang='lat' dir='ltr'>PRINCIPL‘M</span> <span class='ocrx_word' id='word_1_67' title='bbox 689 878 879 902; x_wconf 61' lang='lat' dir='ltr'>sunam-:xrr</span> 
     </span>
    </p>
   </div>
   <div class='ocr_carea' id='block_1_15' title="bbox 164 1056 177 1070">
    <p class='ocr_par' dir='ltr' id='par_1_15' title="bbox 164 1056 177 1070">
     <span class='ocr_line' id='line_1_19' title="bbox 164 1056 177 1070; baseline 0 0"><span class='ocrx_word' id='word_1_68' title='bbox 164 1056 177 1070; x_wconf 75' lang='grc'>))</span> 
     </span>
    </p>
   </div>
   <div class='ocr_carea' id='block_1_16' title="bbox 164 1162 179 1177">
    <p class='ocr_par' dir='ltr' id='par_1_16' title="bbox 164 1162 179 1177">
     <span class='ocr_line' id='line_1_20' title="bbox 164 1162 179 1177; baseline -0.067 0"><span class='ocrx_word' id='word_1_69' title='bbox 164 1162 179 1177; x_wconf 85' lang='grc'>))</span> 
     </span>
    </p>
   </div>
   <div class='ocr_carea' id='block_1_17' title="bbox 165 1268 180 1283">
    <p class='ocr_par' dir='ltr' id='par_1_17' title="bbox 165 1268 180 1283">
     <span class='ocr_line' id='line_1_21' title="bbox 165 1268 180 1283; baseline -0.067 0"><span class='ocrx_word' id='word_1_70' title='bbox 165 1268 180 1283; x_wconf 86' lang='grc'>))</span> 
     </span>
    </p>
   </div>
   <div class='ocr_carea' id='block_1_18' title="bbox 167 1322 179 1335">
    <p class='ocr_par' dir='ltr' id='par_1_18' title="bbox 167 1322 179 1335">
     <span class='ocr_line' id='line_1_22' title="bbox 167 1322 179 1335; baseline 0 0"><span class='ocrx_word' id='word_1_71' title='bbox 167 1322 179 1335; x_wconf 63' lang='lat' dir='ltr'>&gt;i</span> 
     </span>
    </p>
   </div>
   <div class='ocr_carea' id='block_1_19' title="bbox 169 1374 181 1388">
    <p class='ocr_par' dir='ltr' id='par_1_19' title="bbox 169 1374 181 1388">
     <span class='ocr_line' id='line_1_23' title="bbox 169 1374 181 1388; baseline 0 0"><span class='ocrx_word' id='word_1_72' title='bbox 169 1374 181 1388; x_wconf 84' lang='grc'>))</span> 
     </span>
    </p>
   </div>
   <div class='ocr_carea' id='block_1_20' title="bbox 171 1639 183 1653">
    <p class='ocr_par' dir='ltr' id='par_1_20' title="bbox 171 1639 183 1653">
     <span class='ocr_line' id='line_1_24' title="bbox 171 1639 183 1653; baseline 0 0"><span class='ocrx_word' id='word_1_73' title='bbox 171 1639 183 1653; x_wconf 72' lang='grc' dir='ltr'>)Ὶ</span> 
     </span>
    </p>
   </div>
   <div class='ocr_carea' id='block_1_21' title="bbox 171 1746 183 1759">
    <p class='ocr_par' dir='ltr' id='par_1_21' title="bbox 171 1746 183 1759">
     <span class='ocr_line' id='line_1_25' title="bbox 171 1746 183 1759; baseline 0 0"><span class='ocrx_word' id='word_1_74' title='bbox 171 1746 183 1759; x_wconf 66' lang='lat' dir='ltr'>&gt;i</span> 
     </span>
    </p>
   </div>
   <div class='ocr_carea' id='block_1_22' title="bbox 171 1799 185 1813">
    <p class='ocr_par' dir='ltr' id='par_1_22' title="bbox 171 1799 185 1813">
     <span class='ocr_line' id='line_1_26' title="bbox 171 1799 185 1813; baseline -0.071 0"><span class='ocrx_word' id='word_1_75' title='bbox 171 1799 185 1813; x_wconf 81' lang='grc'>)&gt;</span> 
     </span>
    </p>
   </div>
   <div class='ocr_carea' id='block_1_23' title="bbox 173 1851 185 1865">
    <p class='ocr_par' dir='ltr' id='par_1_23' title="bbox 173 1851 185 1865">
     <span class='ocr_line' id='line_1_27' title="bbox 173 1851 185 1865; baseline 0 0"><span class='ocrx_word' id='word_1_76' title='bbox 173 1851 185 1865; x_wconf 81' lang='grc'>))</span> 
     </span>
    </p>
   </div>
   <div class='ocr_carea' id='block_1_24' title="bbox 174 1904 186 1918">
    <p class='ocr_par' dir='ltr' id='par_1_24' title="bbox 174 1904 186 1918">
     <span class='ocr_line' id='line_1_28' title="bbox 174 1904 186 1918; baseline -0.167 0"><span class='ocrx_word' id='word_1_77' title='bbox 174 1904 186 1918; x_wconf 80' lang='grc'>)1</span> 
     </span>
    </p>
   </div>
   <div class='ocr_carea' id='block_1_25' title="bbox 175 2008 189 2022">
    <p class='ocr_par' dir='ltr' id='par_1_25' title="bbox 175 2008 189 2022">
     <span class='ocr_line' id='line_1_29' title="bbox 175 2008 189 2022; baseline 0 0"><span class='ocrx_word' id='word_1_78' title='bbox 175 2008 189 2022; x_wconf 83' lang='grc'>))</span> 
     </span>
    </p>
   </div>
   <div class='ocr_carea' id='block_1_26' title="bbox 175 2167 188 2182">
    <p class='ocr_par' dir='ltr' id='par_1_26' title="bbox 175 2167 188 2182">
     <span class='ocr_line' id='line_1_30' title="bbox 175 2167 188 2182; baseline -0.077 0"><span class='ocrx_word' id='word_1_79' title='bbox 175 2167 188 2182; x_wconf 79' lang='grc'>))</span> 
     </span>
    </p>
   </div>
   <div class='ocr_carea' id='block_1_27' title="bbox 177 2221 189 2235">
    <p class='ocr_par' dir='ltr' id='par_1_27' title="bbox 177 2221 189 2235">
     <span class='ocr_line' id='line_1_31' title="bbox 177 2221 189 2235; baseline 0 0"><span class='ocrx_word' id='word_1_80' title='bbox 177 2221 189 2235; x_wconf 90' lang='grc'>))</span> 
     </span>
    </p>
   </div>
   <div class='ocr_carea' id='block_1_28' title="bbox 177 2275 190 2289">
    <p class='ocr_par' dir='ltr' id='par_1_28' title="bbox 177 2275 190 2289">
     <span class='ocr_line' id='line_1_32' title="bbox 177 2275 190 2289; baseline -0.077 0"><span class='ocrx_word' id='word_1_81' title='bbox 177 2275 190 2289; x_wconf 82' lang='grc'>))</span> 
     </span>
    </p>
   </div>
   <div class='ocr_carea' id='block_1_29' title="bbox 177 2380 191 2395">
    <p class='ocr_par' dir='ltr' id='par_1_29' title="bbox 177 2380 191 2395">
     <span class='ocr_line' id='line_1_33' title="bbox 177 2380 191 2395; baseline -0.071 0"><span class='ocrx_word' id='word_1_82' title='bbox 177 2380 191 2395; x_wconf 63' lang='grc' dir='ltr'>ὶ)</span> 
     </span>
    </p>
   </div>
   <div class='ocr_carea' id='block_1_30' title="bbox 178 2433 191 2447">
    <p class='ocr_par' dir='ltr' id='par_1_30' title="bbox 178 2433 191 2447">
     <span class='ocr_line' id='line_1_34' title="bbox 178 2433 191 2447; baseline -0.077 0"><span class='ocrx_word' id='word_1_83' title='bbox 178 2433 191 2447; x_wconf 78' lang='grc'>))</span> 
     </span>
    </p>
   </div>
   <div class='ocr_carea' id='block_1_31' title="bbox 179 2486 191 2501">
    <p class='ocr_par' dir='ltr' id='par_1_31' title="bbox 179 2486 191 2501">
     <span class='ocr_line' id='line_1_35' title="bbox 179 2486 191 2501; baseline -0.083 0"><span class='ocrx_word' id='word_1_84' title='bbox 179 2486 191 2501; x_wconf 70' lang='grc'>))</span> 
     </span>
    </p>
   </div>
   <div class='ocr_carea' id='block_1_32' title="bbox 179 2540 191 2553">
    <p class='ocr_par' dir='ltr' id='par_1_32' title="bbox 179 2540 191 2553">
     <span class='ocr_line' id='line_1_36' title="bbox 179 2540 191 2553; baseline 0 0"><span class='ocrx_word' id='word_1_85' title='bbox 179 2540 191 2553; x_wconf 93' lang='grc'>))</span> 
     </span>
    </p>
   </div>
   <div class='ocr_carea' id='block_1_33' title="bbox 179 2592 192 2606">
    <p class='ocr_par' dir='ltr' id='par_1_33' title="bbox 179 2592 192 2606">
     <span class='ocr_line' id='line_1_37' title="bbox 179 2592 192 2606; baseline 0 0"><span class='ocrx_word' id='word_1_86' title='bbox 179 2592 192 2606; x_wconf 84' lang='grc'>))</span> 
     </span>
    </p>
   </div>
   <div class='ocr_carea' id='block_1_34' title="bbox 179 2645 192 2659">
    <p class='ocr_par' dir='ltr' id='par_1_34' title="bbox 179 2645 192 2659">
     <span class='ocr_line' id='line_1_38' title="bbox 179 2645 192 2659; baseline -0.077 0"><span class='ocrx_word' id='word_1_87' title='bbox 179 2645 192 2659; x_wconf 79' lang='grc'>))</span> 
     </span>
    </p>
   </div>
   <div class='ocr_carea' id='block_1_35' title="bbox 203 975 1135 1344">
    <p class='ocr_par' dir='ltr' id='par_1_35' title="bbox 203 975 1135 1344">
     <span class='ocr_line' id='line_1_39' title="bbox 203 975 1129 1025; baseline -0.016 -9"><span class='ocrx_word' id='word_1_88' title='bbox 203 1002 217 1016; x_wconf 56' lang='grc' dir='ltr'>(ι</span> <span class='ocrx_word' id='word_1_89' title='bbox 232 989 296 1025; x_wconf 79' lang='lat' dir='ltr'>Ego</span> <span class='ocrx_word' id='word_1_90' title='bbox 311 986 462 1015; x_wconf 75' lang='lat' dir='ltr'>Albertus</span> <span class='ocrx_word' id='word_1_91' title='bbox 477 979 699 1013; x_wconf 83' lang='lat' dir='ltr'>cancellarius,</span> <span class='ocrx_word' id='word_1_92' title='bbox 713 986 769 1015; x_wconf 77' lang='lat' dir='ltr'>ego</span> <span class='ocrx_word' id='word_1_93' title='bbox 781 984 888 1006; x_wconf 86' lang='lat' dir='ltr'>comes</span> <span class='ocrx_word' id='word_1_94' title='bbox 906 975 1129 1008; x_wconf 87' lang='lat' dir='ltr'>Hermannus,</span> 
     </span>
     <span class='ocr_line' id='line_1_40' title="bbox 203 1026 1132 1080; baseline -0.019 -8"><span class='ocrx_word' id='word_1_95' title='bbox 203 1050 260 1080; x_wconf 78' lang='lat' dir='ltr'>ego</span> <span class='ocrx_word' id='word_1_96' title='bbox 271 1040 468 1071; x_wconf 81' lang='lat' dir='ltr'>Folcmarus,</span> <span class='ocrx_word' id='word_1_97' title='bbox 486 1036 554 1071; x_wconf 79' lang='lat' dir='ltr'>iuro</span> <span class='ocrx_word' id='word_1_98' title='bbox 570 1032 657 1062; x_wconf 77' lang='lat' dir='ltr'>vobis</span> <span class='ocrx_word' id='word_1_99' title='bbox 671 1031 749 1070; x_wconf 86' lang='lat' dir='ltr'>quia</span> <span class='ocrx_word' id='word_1_100' title='bbox 763 1030 900 1060; x_wconf 87' lang='lat' dir='ltr'>domnus</span> <span class='ocrx_word' id='word_1_101' title='bbox 916 1037 969 1057; x_wconf 86' lang='lat' dir='ltr'>rex</span> <span class='ocrx_word' id='word_1_102' title='bbox 988 1026 1132 1065; x_wconf 84' lang='lat' dir='ltr'>proxima</span> 
     </span>
     <span class='ocr_line' id='line_1_41' title="bbox 203 1078 1132 1127; baseline -0.019 -3"><span class='ocrx_word' id='word_1_103' title='bbox 203 1102 236 1124; x_wconf 67' lang='lat' dir='ltr'>va</span> <span class='ocrx_word' id='word_1_104' title='bbox 254 1093 332 1123; x_wconf 84' lang='lat' dir='ltr'>feria</span> <span class='ocrx_word' id='word_1_105' title='bbox 354 1092 397 1120; x_wconf 88' lang='lat' dir='ltr'>ita</span> <span class='ocrx_word' id='word_1_106' title='bbox 415 1089 537 1127; x_wconf 76' lang='lat' dir='ltr'>jurabit</span> <span class='ocrx_word' id='word_1_107' title='bbox 556 1090 585 1116; x_wconf 85' lang='lat' dir='ltr'>et</span> <span class='ocrx_word' id='word_1_108' title='bbox 604 1084 765 1123; x_wconf 67' lang='lat' dir='ltr'>principes</span> <span class='ocrx_word' id='word_1_109' title='bbox 780 1083 890 1120; x_wconf 81' lang='lat' dir='ltr'>jurare</span> <span class='ocrx_word' id='word_1_110' title='bbox 912 1080 1004 1109; x_wconf 82' lang='lat' dir='ltr'>faciet</span> <span class='ocrx_word' id='word_1_111' title='bbox 1026 1083 1056 1108; x_wconf 88' lang='lat' dir='ltr'>et</span> <span class='ocrx_word' id='word_1_112' title='bbox 1078 1078 1132 1108; x_wconf 92' lang='lat' dir='ltr'>ob-</span> 
     </span>
     <span class='ocr_line' id='line_1_42' title="bbox 204 1133 1131 1181; baseline -0.019 -3"><span class='ocrx_word' id='word_1_113' title='bbox 204 1148 288 1178; x_wconf 90' lang='lat' dir='ltr'>sides</span> <span class='ocrx_word' id='word_1_114' title='bbox 302 1145 401 1181; x_wconf 86' lang='lat' dir='ltr'>dabit,</span> <span class='ocrx_word' id='word_1_115' title='bbox 416 1143 498 1173; x_wconf 86' lang='lat' dir='ltr'>sicut</span> <span class='ocrx_word' id='word_1_116' title='bbox 514 1142 545 1170; x_wconf 91' lang='lat' dir='ltr'>in</span> <span class='ocrx_word' id='word_1_117' title='bbox 563 1136 788 1169; x_wconf 82' lang='lat' dir='ltr'>conventionis</span> <span class='ocrx_word' id='word_1_118' title='bbox 802 1139 888 1164; x_wconf 83' lang='lat' dir='ltr'>carta</span> <span class='ocrx_word' id='word_1_119' title='bbox 903 1133 1057 1171; x_wconf 80' lang='lat' dir='ltr'>scriptum</span> <span class='ocrx_word' id='word_1_120' title='bbox 1073 1136 1131 1168; x_wconf 79' lang='lat' dir='ltr'>est,</span> 
     </span>
     <span class='ocr_line' id='line_1_43' title="bbox 204 1183 1133 1232; baseline -0.02 -1"><span class='ocrx_word' id='word_1_121' title='bbox 204 1206 234 1232; x_wconf 90' lang='lat' dir='ltr'>et</span> <span class='ocrx_word' id='word_1_122' title='bbox 254 1200 300 1230; x_wconf 85' lang='lat' dir='ltr'>sic</span> <span class='ocrx_word' id='word_1_123' title='bbox 323 1195 505 1229; x_wconf 70' lang='lat' dir='ltr'>observabit</span> <span class='ocrx_word' id='word_1_124' title='bbox 525 1194 643 1223; x_wconf 87' lang='lat' dir='ltr'>domno</span> <span class='ocrx_word' id='word_1_125' title='bbox 665 1199 742 1229; x_wconf 85' lang='lat' dir='ltr'>pape</span> <span class='ocrx_word' id='word_1_126' title='bbox 765 1189 835 1217; x_wconf 89' lang='lat' dir='ltr'>sine</span> <span class='ocrx_word' id='word_1_127' title='bbox 860 1186 971 1216; x_wconf 81' lang='lat' dir='ltr'>fraude</span> <span class='ocrx_word' id='word_1_128' title='bbox 997 1189 1027 1214; x_wconf 91' lang='lat' dir='ltr'>et</span> <span class='ocrx_word' id='word_1_129' title='bbox 1048 1183 1133 1213; x_wconf 86' lang='lat' dir='ltr'>malo</span> 
     </span>
     <span class='ocr_line' id='line_1_44' title="bbox 205 1237 1134 1292; baseline -0.02 -8"><span class='ocrx_word' id='word_1_130' title='bbox 205 1253 349 1292; x_wconf 83' lang='lat' dir='ltr'>ingenio,</span> <span class='ocrx_word' id='word_1_131' title='bbox 367 1251 392 1280; x_wconf 85' lang='lat' dir='ltr'>si</span> <span class='ocrx_word' id='word_1_132' title='bbox 409 1249 560 1279; x_wconf 90' lang='lat' dir='ltr'>dominus</span> <span class='ocrx_word' id='word_1_133' title='bbox 579 1253 658 1284; x_wconf 81' lang='lat' dir='ltr'>papa</span> <span class='ocrx_word' id='word_1_134' title='bbox 677 1242 822 1282; x_wconf 87' lang='lat' dir='ltr'>proximo</span> <span class='ocrx_word' id='word_1_135' title='bbox 843 1240 893 1269; x_wconf 87' lang='lat' dir='ltr'>die</span> <span class='ocrx_word' id='word_1_136' title='bbox 910 1238 1073 1269; x_wconf 88' lang='lat' dir='ltr'>dominico</span> <span class='ocrx_word' id='word_1_137' title='bbox 1089 1237 1134 1266; x_wconf 89' lang='lat' dir='ltr'>sic</span> 
     </span>
     <span class='ocr_line' id='line_1_45' title="bbox 205 1289 1135 1344; baseline -0.022 -7"><span class='ocrx_word' id='word_1_138' title='bbox 205 1303 430 1344; x_wconf 75' lang='lat' dir='ltr'>adimpleverit</span> <span class='ocrx_word' id='word_1_139' title='bbox 451 1300 518 1338; x_wconf 76' lang='lat' dir='ltr'>regi</span> <span class='ocrx_word' id='word_1_140' title='bbox 541 1299 622 1328; x_wconf 86' lang='lat' dir='ltr'>sicut</span> <span class='ocrx_word' id='word_1_141' title='bbox 643 1297 675 1325; x_wconf 89' lang='lat' dir='ltr'>in</span> <span class='ocrx_word' id='word_1_142' title='bbox 693 1295 754 1324; x_wconf 85' lang='lat' dir='ltr'>alia</span> <span class='ocrx_word' id='word_1_143' title='bbox 772 1291 995 1323; x_wconf 81' lang='lat' dir='ltr'>conventionis</span> <span class='ocrx_word' id='word_1_144' title='bbox 1013 1289 1135 1320; x_wconf 84' lang='lat' dir='ltr'>cartula</span> 
     </span>
    </p>
   </div>
   <div class='ocr_carea' id='block_1_36' title="bbox 207 1360 884 1492">
    <p class='ocr_par' dir='ltr' id='par_1_36' title="bbox 207 1360 884 1492">
     <span class='ocr_line' id='line_1_46' title="bbox 207 1360 463 1398; baseline -0.027 -8"><span class='ocrx_word' id='word_1_145' title='bbox 207 1361 361 1398; x_wconf 87' lang='lat' dir='ltr'>scriptum</span> <span class='ocrx_word' id='word_1_146' title='bbox 378 1360 433 1386; x_wconf 85' lang='lat' dir='ltr'>est.</span> <span class='ocrx_word' id='word_1_147' title='bbox 451 1367 463 1380; x_wconf 70' lang='lat' dir='ltr'>u</span> 
     </span>
     <span class='ocr_line' id='line_1_47' title="bbox 378 1462 884 1492; baseline -0.022 0"><span class='ocrx_word' id='word_1_148' title='bbox 378 1463 528 1492; x_wconf 55' lang='lat' dir='ltr'>Car-&#39;rum</span> <span class='ocrx_word' id='word_1_149' title='bbox 551 1467 621 1488; x_wconf 56' lang='lat' dir='ltr'>Ama</span> <span class='ocrx_word' id='word_1_150' title='bbox 645 1465 690 1485; x_wconf 85' lang='grc'>510</span> <span class='ocrx_word' id='word_1_151' title='bbox 713 1465 747 1484; x_wconf 77' lang='lat' dir='ltr'>sn</span> <span class='ocrx_word' id='word_1_152' title='bbox 772 1462 884 1483; x_wconf 66' lang='lat' dir='ltr'>HABET.</span> 
     </span>
    </p>
   </div>
   <div class='ocr_carea' id='block_1_37' title="bbox 209 1556 1144 2246">
    <p class='ocr_par' dir='ltr' id='par_1_37' title="bbox 209 1556 1144 2246">
     <span class='ocr_line' id='line_1_48' title="bbox 210 1556 1135 1604; baseline -0.016 -5"><span class='ocrx_word' id='word_1_153' title='bbox 210 1585 222 1599; x_wconf 70' lang='grc' dir='ltr'>α</span> <span class='ocrx_word' id='word_1_154' title='bbox 242 1572 274 1602; x_wconf 78' lang='lat' dir='ltr'>Si</span> <span class='ocrx_word' id='word_1_155' title='bbox 293 1579 344 1599; x_wconf 81' lang='lat' dir='ltr'>rex</span> <span class='ocrx_word' id='word_1_156' title='bbox 360 1564 586 1604; x_wconf 69' lang='lat' dir='ltr'>adimpleverit</span> <span class='ocrx_word' id='word_1_157' title='bbox 599 1563 716 1592; x_wconf 86' lang='lat' dir='ltr'>domno</span> <span class='ocrx_word' id='word_1_158' title='bbox 735 1569 811 1598; x_wconf 82' lang='lat' dir='ltr'>pape</span> <span class='ocrx_word' id='word_1_159' title='bbox 829 1559 909 1587; x_wconf 79' lang='lat' dir='ltr'>sicut</span> <span class='ocrx_word' id='word_1_160' title='bbox 927 1559 958 1586; x_wconf 89' lang='lat' dir='ltr'>in</span> <span class='ocrx_word' id='word_1_161' title='bbox 978 1556 1040 1586; x_wconf 85' lang='lat' dir='ltr'>alia</span> <span class='ocrx_word' id='word_1_162' title='bbox 1059 1565 1135 1586; x_wconf 90' lang='lat' dir='ltr'>con-</span> 
     </span>
     <span class='ocr_line' id='line_1_49' title="bbox 210 1608 1138 1654; baseline -0.02 1"><span class='ocrx_word' id='word_1_163' title='bbox 210 1623 370 1654; x_wconf 80' lang='lat' dir='ltr'>ventionis</span> <span class='ocrx_word' id='word_1_164' title='bbox 386 1619 508 1650; x_wconf 80' lang='lat' dir='ltr'>cartula</span> <span class='ocrx_word' id='word_1_165' title='bbox 524 1617 677 1653; x_wconf 68' lang='lat' dir='ltr'>scriptum</span> <span class='ocrx_word' id='word_1_166' title='bbox 696 1618 758 1647; x_wconf 81' lang='lat' dir='ltr'>est,</span> <span class='ocrx_word' id='word_1_167' title='bbox 780 1612 919 1641; x_wconf 75' lang='lat' dir='ltr'>domnus</span> <span class='ocrx_word' id='word_1_168' title='bbox 942 1618 1019 1648; x_wconf 81' lang='lat' dir='ltr'>papa</span> <span class='ocrx_word' id='word_1_169' title='bbox 1038 1608 1138 1647; x_wconf 85' lang='lat' dir='ltr'>preci-</span> 
     </span>
     <span class='ocr_line' id='line_1_50' title="bbox 210 1663 1140 1717; baseline -0.017 -9"><span class='ocrx_word' id='word_1_170' title='bbox 210 1678 274 1717; x_wconf 85' lang='lat' dir='ltr'>piet</span> <span class='ocrx_word' id='word_1_171' title='bbox 288 1674 441 1714; x_wconf 78' lang='lat' dir='ltr'>episcopis</span> <span class='ocrx_word' id='word_1_172' title='bbox 460 1669 661 1710; x_wconf 74' lang='lat' dir='ltr'>presentibus</span> <span class='ocrx_word' id='word_1_173' title='bbox 676 1667 706 1695; x_wconf 93' lang='lat' dir='ltr'>in</span> <span class='ocrx_word' id='word_1_174' title='bbox 721 1666 772 1694; x_wconf 84' lang='lat' dir='ltr'>die</span> <span class='ocrx_word' id='word_1_175' title='bbox 787 1663 1004 1694; x_wconf 75' lang='lat' dir='ltr'>coronationis</span> <span class='ocrx_word' id='word_1_176' title='bbox 1020 1664 1090 1701; x_wconf 84' lang='lat' dir='ltr'>ejus</span> <span class='ocrx_word' id='word_1_177' title='bbox 1106 1668 1140 1692; x_wconf 90' lang='lat' dir='ltr'>ut</span> 
     </span>
     <span class='ocr_line' id='line_1_51' title="bbox 209 1717 1138 1763; baseline -0.017 -2"><span class='ocrx_word' id='word_1_178' title='bbox 209 1730 373 1761; x_wconf 72' lang='lat' dir='ltr'>dimittant</span> <span class='ocrx_word' id='word_1_179' title='bbox 389 1725 508 1763; x_wconf 73' lang='lat' dir='ltr'>regalia</span> <span class='ocrx_word' id='word_1_180' title='bbox 526 1722 594 1760; x_wconf 78' lang='lat' dir='ltr'>regi</span> <span class='ocrx_word' id='word_1_181' title='bbox 613 1726 643 1751; x_wconf 84' lang='lat' dir='ltr'>et</span> <span class='ocrx_word' id='word_1_182' title='bbox 661 1728 759 1757; x_wconf 77' lang='lat' dir='ltr'>regno</span> <span class='ocrx_word' id='word_1_183' title='bbox 780 1727 843 1757; x_wconf 84' lang='lat' dir='ltr'>que</span> <span class='ocrx_word' id='word_1_184' title='bbox 859 1717 898 1747; x_wconf 84' lang='lat' dir='ltr'>ad</span> <span class='ocrx_word' id='word_1_185' title='bbox 916 1726 1050 1754; x_wconf 73' lang='lat' dir='ltr'>reguum</span> <span class='ocrx_word' id='word_1_186' title='bbox 1069 1725 1138 1754; x_wconf 87' lang='lat' dir='ltr'>per-</span> 
     </span>
     <span class='ocr_line' id='line_1_52' title="bbox 211 1770 1138 1817; baseline -0.017 -4"><span class='ocrx_word' id='word_1_187' title='bbox 211 1784 353 1814; x_wconf 82' lang='lat' dir='ltr'>tinebant</span> <span class='ocrx_word' id='word_1_188' title='bbox 365 1785 505 1817; x_wconf 81' lang='lat' dir='ltr'>tempore</span> <span class='ocrx_word' id='word_1_189' title='bbox 516 1775 638 1806; x_wconf 83' lang='lat' dir='ltr'>Karoli.</span> <span class='ocrx_word' id='word_1_190' title='bbox 655 1773 797 1809; x_wconf 80' lang='lat' dir='ltr'>Lodoici,</span> <span class='ocrx_word' id='word_1_191' title='bbox 813 1771 947 1802; x_wconf 79' lang='lat' dir='ltr'>Heni-ici</span> <span class='ocrx_word' id='word_1_192' title='bbox 962 1775 990 1800; x_wconf 81' lang='lat' dir='ltr'>et</span> <span class='ocrx_word' id='word_1_193' title='bbox 1002 1770 1138 1799; x_wconf 80' lang='lat' dir='ltr'>aliorum</span> 
     </span>
     <span class='ocr_line' id='line_1_53' title="bbox 211 1822 1137 1876; baseline -0.017 -9"><span class='ocrx_word' id='word_1_194' title='bbox 211 1837 470 1876; x_wconf 81' lang='lat' dir='ltr'>predecessorum</span> <span class='ocrx_word' id='word_1_195' title='bbox 488 1830 572 1869; x_wconf 74' lang='lat' dir='ltr'>ejus,</span> <span class='ocrx_word' id='word_1_196' title='bbox 592 1833 622 1857; x_wconf 84' lang='lat' dir='ltr'>et</span> <span class='ocrx_word' id='word_1_197' title='bbox 639 1827 755 1864; x_wconf 83' lang='lat' dir='ltr'>scripto</span> <span class='ocrx_word' id='word_1_198' title='bbox 770 1825 909 1854; x_wconf 83' lang='lat' dir='ltr'>firmabit</span> <span class='ocrx_word' id='word_1_199' title='bbox 927 1824 986 1853; x_wconf 87' lang='lat' dir='ltr'>snb</span> <span class='ocrx_word' id='word_1_200' title='bbox 1004 1822 1137 1852; x_wconf 86' lang='lat' dir='ltr'>anathe-</span> 
     </span>
     <span class='ocr_line' id='line_1_54' title="bbox 214 1874 1139 1919; baseline -0.017 0"><span class='ocrx_word' id='word_1_201' title='bbox 214 1895 296 1919; x_wconf 79' lang='lat' dir='ltr'>mate</span> <span class='ocrx_word' id='word_1_202' title='bbox 319 1879 586 1916; x_wconf 77' lang='lat' dir='ltr'>anctoritate‘sua</span> <span class='ocrx_word' id='word_1_203' title='bbox 607 1886 636 1910; x_wconf 84' lang='lat' dir='ltr'>et</span> <span class='ocrx_word' id='word_1_204' title='bbox 654 1879 779 1917; x_wconf 82' lang='lat' dir='ltr'>justitia</span> <span class='ocrx_word' id='word_1_205' title='bbox 803 1887 841 1906; x_wconf 88' lang='lat' dir='ltr'>ne</span> <span class='ocrx_word' id='word_1_206' title='bbox 863 1878 935 1915; x_wconf 70' lang='lat' dir='ltr'>quis</span> <span class='ocrx_word' id='word_1_207' title='bbox 960 1885 1070 1905; x_wconf 77' lang='lat' dir='ltr'>eorum</span> <span class='ocrx_word' id='word_1_208' title='bbox 1090 1874 1139 1904; x_wconf 87' lang='lat' dir='ltr'>vel</span> 
     </span>
     <span class='ocr_line' id='line_1_55' title="bbox 213 1930 1139 1981; baseline -0.017 -10"><span class='ocrx_word' id='word_1_209' title='bbox 213 1940 408 1981; x_wconf 78' lang='lat' dir='ltr'>presentium</span> <span class='ocrx_word' id='word_1_210' title='bbox 438 1936 487 1965; x_wconf 83' lang='lat' dir='ltr'>vel</span> <span class='ocrx_word' id='word_1_211' title='bbox 514 1933 696 1964; x_wconf 84' lang='lat' dir='ltr'>absentium</span> <span class='ocrx_word' id='word_1_212' title='bbox 727 1930 775 1959; x_wconf 77' lang='lat' dir='ltr'>vel</span> <span class='ocrx_word' id='word_1_213' title='bbox 801 1938 1000 1959; x_wconf 73' lang='lat' dir='ltr'>successores</span> <span class='ocrx_word' id='word_1_214' title='bbox 1027 1937 1139 1957; x_wconf 87' lang='lat' dir='ltr'>eorum</span> 
     </span>
     <span class='ocr_line' id='line_1_56' title="bbox 214 1981 1141 2025; baseline -0.018 0"><span class='ocrx_word' id='word_1_215' title='bbox 214 1993 427 2025; x_wconf 82' lang='lat' dir='ltr'>intromittant</span> <span class='ocrx_word' id='word_1_216' title='bbox 450 1998 482 2018; x_wconf 83' lang='lat' dir='ltr'>se</span> <span class='ocrx_word' id='word_1_217' title='bbox 503 1987 550 2017; x_wconf 86' lang='lat' dir='ltr'>vel</span> <span class='ocrx_word' id='word_1_218' title='bbox 573 1985 728 2015; x_wconf 82' lang='lat' dir='ltr'>invadant</span> <span class='ocrx_word' id='word_1_219' title='bbox 747 1983 857 2012; x_wconf 84' lang='lat' dir='ltr'>eadem</span> <span class='ocrx_word' id='word_1_220' title='bbox 880 1981 1015 2019; x_wconf 69' lang='lat' dir='ltr'>regalia,</span> <span class='ocrx_word' id='word_1_221' title='bbox 1041 1981 1072 2009; x_wconf 84' lang='lat' dir='ltr'>id</span> <span class='ocrx_word' id='word_1_222' title='bbox 1096 1983 1141 2009; x_wconf 86' lang='lat' dir='ltr'>est</span> 
     </span>
     <span class='ocr_line' id='line_1_57' title="bbox 214 2035 1138 2080; baseline -0.017 -3"><span class='ocrx_word' id='word_1_223' title='bbox 214 2048 377 2080; x_wconf 81' lang='lat' dir='ltr'>civitates,</span> <span class='ocrx_word' id='word_1_224' title='bbox 399 2043 554 2076; x_wconf 74' lang='lat' dir='ltr'>ducatus,</span> <span class='ocrx_word' id='word_1_225' title='bbox 578 2037 753 2071; x_wconf 71' lang='lat' dir='ltr'>marchias,</span> <span class='ocrx_word' id='word_1_226' title='bbox 776 2035 958 2068; x_wconf 67' lang='lat' dir='ltr'>comitatus,</span> <span class='ocrx_word' id='word_1_227' title='bbox 985 2038 1138 2068; x_wconf 76' lang='lat' dir='ltr'>monetas,</span> 
     </span>
     <span class='ocr_line' id='line_1_58' title="bbox 214 2087 1141 2132; baseline -0.017 -2"><span class='ocrx_word' id='word_1_228' title='bbox 214 2101 386 2132; x_wconf 75' lang='lat' dir='ltr'>teloneum,</span> <span class='ocrx_word' id='word_1_229' title='bbox 406 2097 592 2126; x_wconf 70' lang='lat' dir='ltr'>mercatum,</span> <span class='ocrx_word' id='word_1_230' title='bbox 613 2090 792 2120; x_wconf 67' lang='lat' dir='ltr'>advocatias</span> <span class='ocrx_word' id='word_1_231' title='bbox 812 2088 919 2125; x_wconf 80' lang='lat' dir='ltr'>regni,</span> <span class='ocrx_word' id='word_1_232' title='bbox 937 2087 1010 2123; x_wconf 81' lang='lat' dir='ltr'>jura</span> <span class='ocrx_word' id='word_1_233' title='bbox 1027 2089 1141 2115; x_wconf 83' lang='lat' dir='ltr'>centu-</span> 
     </span>
     <span class='ocr_line' id='line_1_59' title="bbox 215 2140 1141 2183; baseline -0.019 0"><span class='ocrx_word' id='word_1_234' title='bbox 215 2155 340 2183; x_wconf 86' lang='lat' dir='ltr'>rionum</span> <span class='ocrx_word' id='word_1_235' title='bbox 363 2155 392 2179; x_wconf 88' lang='lat' dir='ltr'>et</span> <span class='ocrx_word' id='word_1_236' title='bbox 414 2153 518 2178; x_wconf 79' lang='lat' dir='ltr'>curtes</span> <span class='ocrx_word' id='word_1_237' title='bbox 542 2153 603 2183; x_wconf 69' lang='lat' dir='ltr'>que</span> <span class='ocrx_word' id='word_1_238' title='bbox 627 2142 795 2173; x_wconf 66' lang='lat' dir='ltr'>manifeste</span> <span class='ocrx_word' id='word_1_239' title='bbox 818 2140 911 2178; x_wconf 84' lang='lat' dir='ltr'>regni</span> <span class='ocrx_word' id='word_1_240' title='bbox 934 2143 1039 2174; x_wconf 80' lang='lat' dir='ltr'>erant,</span> <span class='ocrx_word' id='word_1_241' title='bbox 1068 2146 1141 2168; x_wconf 79' lang='lat' dir='ltr'>cum</span> 
     </span>
     <span class='ocr_line' id='line_1_60' title="bbox 215 2192 1144 2246; baseline -0.018 -10"><span class='ocrx_word' id='word_1_242' title='bbox 215 2203 420 2246; x_wconf 85' lang='lat' dir='ltr'>pertinentiis</span> <span class='ocrx_word' id='word_1_243' title='bbox 439 2202 516 2231; x_wconf 81' lang='lat' dir='ltr'>suis.</span> <span class='ocrx_word' id='word_1_244' title='bbox 534 2198 685 2228; x_wconf 83' lang='lat' dir='ltr'>militiam</span> <span class='ocrx_word' id='word_1_245' title='bbox 705 2200 733 2225; x_wconf 86' lang='lat' dir='ltr'>et</span> <span class='ocrx_word' id='word_1_246' title='bbox 751 2200 853 2224; x_wconf 78' lang='lat' dir='ltr'>castra</span> <span class='ocrx_word' id='word_1_247' title='bbox 870 2193 971 2231; x_wconf 73' lang='lat' dir='ltr'>regni.</span> <span class='ocrx_word' id='word_1_248' title='bbox 992 2193 1056 2222; x_wconf 85' lang='lat' dir='ltr'>Nec</span> <span class='ocrx_word' id='word_1_249' title='bbox 1075 2192 1144 2229; x_wconf 86' lang='lat' dir='ltr'>ipse</span> 
     </span>
    </p>
   </div>
   <div class='ocr_carea' id='block_1_38' title="bbox 217 2245 1188 2298">
    <p class='ocr_par' dir='ltr' id='par_1_38' title="bbox 217 2245 1188 2298">
     <span class='ocr_line' id='line_1_61' title="bbox 217 2245 1188 2298; baseline -0.019 -8"><span class='ocrx_word' id='word_1_250' title='bbox 217 2268 323 2298; x_wconf 80' lang='lat' dir='ltr'>regem</span> <span class='ocrx_word' id='word_1_251' title='bbox 343 2263 372 2287; x_wconf 83' lang='lat' dir='ltr'>et</span> <span class='ocrx_word' id='word_1_252' title='bbox 392 2263 526 2293; x_wconf 66' lang='lat' dir='ltr'>regnunt</span> <span class='ocrx_word' id='word_1_253' title='bbox 545 2249 639 2289; x_wconf 82' lang='lat' dir='ltr'>super</span> <span class='ocrx_word' id='word_1_254' title='bbox 667 2250 717 2278; x_wconf 83' lang='lat' dir='ltr'>bis</span> <span class='ocrx_word' id='word_1_255' title='bbox 742 2248 875 2278; x_wconf 87' lang='lat' dir='ltr'>ulterius</span> <span class='ocrx_word' id='word_1_256' title='bbox 898 2245 1092 2285; x_wconf 74' lang='lat' dir='ltr'>inquietabit</span> <span class='ocrx_word' id='word_1_257' title='bbox 1114 2249 1144 2274; x_wconf 87' lang='lat' dir='ltr'>et</span> <span class='ocrx_word' id='word_1_258' title='bbox 1184 2252 1188 2259; x_wconf 91' lang='lat'>·</span> 
     </span>
    </p>
   </div>
   <div class='ocr_carea' id='block_1_39' title="bbox 216 2297 1147 2660">
    <p class='ocr_par' dir='ltr' id='par_1_39' title="bbox 216 2297 1147 2660">
     <span class='ocr_line' id='line_1_62' title="bbox 217 2297 1144 2352; baseline -0.017 -10"><span class='ocrx_word' id='word_1_259' title='bbox 217 2310 386 2352; x_wconf 81' lang='lat' dir='ltr'>privilegio</span> <span class='ocrx_word' id='word_1_260' title='bbox 399 2308 458 2338; x_wconf 87' lang='lat' dir='ltr'>sub</span> <span class='ocrx_word' id='word_1_261' title='bbox 471 2305 674 2336; x_wconf 69' lang='grc'>1111111101111110</span> <span class='ocrx_word' id='word_1_262' title='bbox 687 2300 890 2332; x_wconf 83' lang='lat' dir='ltr'>confirmabit</span> <span class='ocrx_word' id='word_1_263' title='bbox 904 2309 943 2328; x_wconf 88' lang='lat' dir='ltr'>ne</span> <span class='ocrx_word' id='word_1_264' title='bbox 959 2298 1076 2337; x_wconf 76' lang='lat' dir='ltr'>posteri</span> <span class='ocrx_word' id='word_1_265' title='bbox 1093 2297 1144 2327; x_wconf 87' lang='lat' dir='ltr'>sui</span> 
     </span>
     <span class='ocr_line' id='line_1_63' title="bbox 216 2351 1145 2404; baseline -0.018 -8"><span class='ocrx_word' id='word_1_266' title='bbox 216 2365 398 2404; x_wconf 85' lang='lat' dir='ltr'>inquietare</span> <span class='ocrx_word' id='word_1_267' title='bbox 415 2363 609 2400; x_wconf 78' lang='lat' dir='ltr'>presumant.</span> <span class='ocrx_word' id='word_1_268' title='bbox 630 2357 749 2393; x_wconf 75' lang='lat' dir='ltr'>Regem</span> <span class='ocrx_word' id='word_1_269' title='bbox 766 2354 906 2391; x_wconf 82' lang='lat' dir='ltr'>benigne</span> <span class='ocrx_word' id='word_1_270' title='bbox 923 2357 953 2382; x_wconf 79' lang='lat' dir='ltr'>et</span> <span class='ocrx_word' id='word_1_271' title='bbox 968 2351 1145 2381; x_wconf 87' lang='lat' dir='ltr'>honorifice</span> 
     </span>
     <span class='ocr_line' id='line_1_64' title="bbox 217 2405 1146 2456; baseline -0.018 -7"><span class='ocrx_word' id='word_1_272' title='bbox 217 2417 369 2456; x_wconf 78' lang='lat' dir='ltr'>suscipiet</span> <span class='ocrx_word' id='word_1_273' title='bbox 401 2419 431 2444; x_wconf 89' lang='lat' dir='ltr'>et</span> <span class='ocrx_word' id='word_1_274' title='bbox 463 2421 550 2442; x_wconf 89' lang='lat' dir='ltr'>more</span> <span class='ocrx_word' id='word_1_275' title='bbox 580 2409 841 2449; x_wconf 80' lang='lat' dir='ltr'>predecessorum</span> <span class='ocrx_word' id='word_1_276' title='bbox 874 2406 975 2444; x_wconf 76' lang='lat' dir='ltr'>ipsius</span> <span class='ocrx_word' id='word_1_277' title='bbox 1007 2405 1146 2434; x_wconf 85' lang='lat' dir='ltr'>scienter</span> 
     </span>
     <span class='ocr_line' id='line_1_65' title="bbox 219 2459 1144 2502; baseline -0.018 0"><span class='ocrx_word' id='word_1_278' title='bbox 219 2481 281 2502; x_wconf 89' lang='lat' dir='ltr'>non</span> <span class='ocrx_word' id='word_1_279' title='bbox 307 2469 467 2499; x_wconf 85' lang='lat' dir='ltr'>subtracto</span> <span class='ocrx_word' id='word_1_280' title='bbox 492 2463 659 2496; x_wconf 80' lang='lat' dir='ltr'>coronabit</span> <span class='ocrx_word' id='word_1_281' title='bbox 684 2466 713 2491; x_wconf 90' lang='lat' dir='ltr'>et</span> <span class='ocrx_word' id='word_1_282' title='bbox 737 2461 775 2491; x_wconf 90' lang='lat' dir='ltr'>ad</span> <span class='ocrx_word' id='word_1_283' title='bbox 805 2459 979 2489; x_wconf 85' lang='lat' dir='ltr'>tenendum</span> <span class='ocrx_word' id='word_1_284' title='bbox 1008 2466 1144 2495; x_wconf 83' lang='lat' dir='ltr'>regnum</span> 
     </span>
     <span class='ocr_line' id='line_1_66' title="bbox 216 2510 1144 2556; baseline -0.017 -1"><span class='ocrx_word' id='word_1_285' title='bbox 216 2524 314 2556; x_wconf 88' lang='lat' dir='ltr'>officii</span> <span class='ocrx_word' id='word_1_286' title='bbox 329 2522 378 2552; x_wconf 89' lang='grc'>5111</span> <span class='ocrx_word' id='word_1_287' title='bbox 392 2519 511 2550; x_wconf 76' lang='lat' dir='ltr'>anxilio</span> <span class='ocrx_word' id='word_1_288' title='bbox 523 2516 700 2556; x_wconf 77' lang='lat' dir='ltr'>adjuvabit.</span> <span class='ocrx_word' id='word_1_289' title='bbox 717 2515 751 2545; x_wconf 82' lang='lat' dir='ltr'>Si</span> <span class='ocrx_word' id='word_1_290' title='bbox 763 2514 901 2544; x_wconf 89' lang='lat' dir='ltr'>domnus</span> <span class='ocrx_word' id='word_1_291' title='bbox 914 2521 992 2551; x_wconf 89' lang='lat' dir='ltr'>papa</span> <span class='ocrx_word' id='word_1_292' title='bbox 1004 2512 1063 2541; x_wconf 89' lang='grc' dir='ltr'>11οο</span> <span class='ocrx_word' id='word_1_293' title='bbox 1077 2510 1144 2548; x_wconf 81' lang='lat' dir='ltr'>regi</span> 
     </span>
     <span class='ocr_line' id='line_1_67' title="bbox 217 2566 1145 2612; baseline -0.017 -5"><span class='ocrx_word' id='word_1_294' title='bbox 217 2587 282 2608; x_wconf 87' lang='lat' dir='ltr'>non</span> <span class='ocrx_word' id='word_1_295' title='bbox 305 2572 549 2612; x_wconf 81' lang='lat' dir='ltr'>adimpleverit,</span> <span class='ocrx_word' id='word_1_296' title='bbox 575 2578 633 2608; x_wconf 82' lang='lat' dir='ltr'>ego</span> <span class='ocrx_word' id='word_1_297' title='bbox 651 2569 765 2598; x_wconf 74' lang='lat' dir='ltr'>Petrus</span> <span class='ocrx_word' id='word_1_298' title='bbox 783 2566 899 2596; x_wconf 80' lang='lat' dir='ltr'>Leonis</span> <span class='ocrx_word' id='word_1_299' title='bbox 920 2574 994 2594; x_wconf 87' lang='lat' dir='ltr'>cnm</span> <span class='ocrx_word' id='word_1_300' title='bbox 1014 2568 1075 2594; x_wconf 83' lang='lat' dir='ltr'>tota</span> <span class='ocrx_word' id='word_1_301' title='bbox 1090 2571 1145 2601; x_wconf 90' lang='lat' dir='ltr'>po-</span> 
     </span>
     <span class='ocr_line' id='line_1_68' title="bbox 218 2615 1147 2660; baseline -0.017 0"><span class='ocrx_word' id='word_1_302' title='bbox 218 2631 316 2660; x_wconf 86' lang='lat' dir='ltr'>tentia</span> <span class='ocrx_word' id='word_1_303' title='bbox 339 2636 409 2657; x_wconf 85' lang='lat' dir='ltr'>mea</span> <span class='ocrx_word' id='word_1_304' title='bbox 428 2625 539 2655; x_wconf 84' lang='lat' dir='ltr'>tenebo</span> <span class='ocrx_word' id='word_1_305' title='bbox 561 2631 611 2652; x_wconf 86' lang='lat' dir='ltr'>me</span> <span class='ocrx_word' id='word_1_306' title='bbox 635 2621 672 2651; x_wconf 86' lang='lat' dir='ltr'>ad</span> <span class='ocrx_word' id='word_1_307' title='bbox 694 2621 851 2650; x_wconf 88' lang='lat' dir='ltr'>domnum</span> <span class='ocrx_word' id='word_1_308' title='bbox 868 2626 988 2655; x_wconf 84' lang='lat' dir='ltr'>regem.</span> <span class='ocrx_word' id='word_1_309' title='bbox 1009 2615 1147 2646; x_wconf 84' lang='lat' dir='ltr'>Obsides</span> 
     </span>
    </p>
   </div>
   <div class='ocr_carea' id='block_1_40' title="bbox 141 2776 1152 3083">
    <p class='ocr_par' dir='ltr' id='par_1_40' title="bbox 141 2776 1152 3083">
     <span class='ocr_line' id='line_1_69' title="bbox 169 2776 1148 2815; baseline -0.017 -2"><span class='ocrx_word' id='word_1_310' title='bbox 169 2796 182 2815; x_wconf 90' lang='lat'>7</span> <span class='ocrx_word' id='word_1_311' title='bbox 200 2790 310 2813; x_wconf 81' lang='lat' dir='ltr'>Titulus</span> <span class='ocrx_word' id='word_1_312' title='bbox 327 2786 482 2814; x_wconf 73' lang='lat' dir='ltr'>rescriptus</span> <span class='ocrx_word' id='word_1_313' title='bbox 496 2786 534 2806; x_wconf 79' lang='lat' dir='ltr'>est</span> <span class='ocrx_word' id='word_1_314' title='bbox 551 2783 580 2805; x_wconf 79' lang='lat' dir='ltr'>in</span> <span class='ocrx_word' id='word_1_315' title='bbox 596 2784 612 2804; x_wconf 77' lang='lat' dir='ltr'><em>C</em></span> <span class='ocrx_word' id='word_1_316' title='bbox 627 2786 712 2808; x_wconf 77' lang='lat' dir='ltr'>super</span> <span class='ocrx_word' id='word_1_317' title='bbox 727 2784 876 2803; x_wconf 79' lang='lat' dir='ltr'>rasuram;</span> <span class='ocrx_word' id='word_1_318' title='bbox 892 2777 922 2799; x_wconf 80' lang='lat' dir='ltr'>in</span> <span class='ocrx_word' id='word_1_319' title='bbox 937 2778 956 2798; x_wconf 70' lang='lat' dir='ltr'>A</span> <span class='ocrx_word' id='word_1_320' title='bbox 974 2776 1012 2798; x_wconf 80' lang='lat' dir='ltr'>ita</span> <span class='ocrx_word' id='word_1_321' title='bbox 1027 2777 1066 2797; x_wconf 82' lang='lat' dir='ltr'>est</span> <span class='ocrx_word' id='word_1_322' title='bbox 1082 2783 1088 2797; x_wconf 92' lang='grc'><em>;</em></span> <span class='ocrx_word' id='word_1_323' title='bbox 1104 2779 1148 2797; x_wconf 82' lang='lat' dir='ltr'>m-</span> 
     </span>
     <span class='ocr_line' id='line_1_70' title="bbox 141 2817 1148 2858; baseline -0.018 -1"><span class='ocrx_word' id='word_1_324' title='bbox 141 2837 294 2858; x_wconf 60' lang='lat' dir='ltr'>mitent-21</span> <span class='ocrx_word' id='word_1_325' title='bbox 306 2833 440 2853; x_wconf 61' lang='lat' dir='ltr'>uanoxcn</span> <span class='ocrx_word' id='word_1_326' title='bbox 455 2827 575 2850; x_wconf 67' lang='lat' dir='ltr'>Hexmm</span> <span class='ocrx_word' id='word_1_327' title='bbox 590 2827 829 2848; x_wconf 67' lang='grc'>1111·1-;11.1101115.-</span> <span class='ocrx_word' id='word_1_328' title='bbox 840 2825 854 2845; x_wconf 76' lang='grc' dir='ltr'><strong>ε</strong></span> <span class='ocrx_word' id='word_1_329' title='bbox 869 2819 1043 2843; x_wconf 75' lang='lat' dir='ltr'>Hei-mannus</span> <span class='ocrx_word' id='word_1_330' title='bbox 1058 2817 1148 2847; x_wconf 83' lang='lat' dir='ltr'>&lt;Ego</span> 
     </span>
     <span class='ocr_line' id='line_1_71' title="bbox 141 2862 1151 2901; baseline -0.018 0"><span class='ocrx_word' id='word_1_331' title='bbox 141 2883 232 2901; x_wconf 81' lang='lat' dir='ltr'>eomes</span> <span class='ocrx_word' id='word_1_332' title='bbox 248 2874 413 2901; x_wconf 81' lang='lat' dir='ltr'>Fridiricus,</span> <span class='ocrx_word' id='word_1_333' title='bbox 428 2872 485 2901; x_wconf 75' lang='lat' dir='ltr'>Ego</span> <span class='ocrx_word' id='word_1_334' title='bbox 501 2875 593 2893; x_wconf 81' lang='lat' dir='ltr'>comes</span> <span class='ocrx_word' id='word_1_335' title='bbox 607 2866 808 2892; x_wconf 75' lang='lat' dir='ltr'>Godefridus&gt;</span> <span class='ocrx_word' id='word_1_336' title='bbox 827 2866 847 2888; x_wconf 70' lang='lat' dir='ltr'>A</span> <span class='ocrx_word' id='word_1_337' title='bbox 862 2877 893 2881; x_wconf 94' lang='lat'>—</span> <span class='ocrx_word' id='word_1_338' title='bbox 911 2869 935 2888; x_wconf 71' lang='lat'>12</span> <span class='ocrx_word' id='word_1_339' title='bbox 951 2864 1010 2886; x_wconf 79' lang='lat' dir='ltr'>obs.</span> <span class='ocrx_word' id='word_1_340' title='bbox 1026 2863 1066 2885; x_wconf 88' lang='lat' dir='ltr'>sic</span> <span class='ocrx_word' id='word_1_341' title='bbox 1083 2862 1106 2885; x_wconf 84' lang='lat' dir='ltr'>A</span> <span class='ocrx_word' id='word_1_342' title='bbox 1120 2874 1151 2878; x_wconf 97' lang='lat'><strong>—</strong></span> 
     </span>
     <span class='ocr_line' id='line_1_72' title="bbox 145 2907 1150 2947; baseline -0.016 -2"><span class='ocrx_word' id='word_1_343' title='bbox 145 2927 168 2947; x_wconf 78' lang='grc' dir='ltr'>ιε</span> <span class='ocrx_word' id='word_1_344' title='bbox 185 2921 315 2944; x_wconf 63' lang='lat' dir='ltr'>Can&#39;rt’m</span> <span class='ocrx_word' id='word_1_345' title='bbox 332 2917 395 2947; x_wconf 78' lang='lat' dir='ltr'>cte]</span> <span class='ocrx_word' id='word_1_346' title='bbox 419 2916 582 2940; x_wconf 66' lang='lat' dir='ltr'>Coxvexrm</span> <span class='ocrx_word' id='word_1_347' title='bbox 605 2918 639 2936; x_wconf 66' lang='lat' dir='ltr'>ex</span> <span class='ocrx_word' id='word_1_348' title='bbox 660 2917 747 2935; x_wconf 66' lang='lat' dir='ltr'>PARTE</span> <span class='ocrx_word' id='word_1_349' title='bbox 764 2915 851 2934; x_wconf 69' lang='lat' dir='ltr'>noum</span> <span class='ocrx_word' id='word_1_350' title='bbox 870 2915 938 2932; x_wconf 66' lang='lat' dir='ltr'>pape</span> <span class='ocrx_word' id='word_1_351' title='bbox 955 2908 1110 2931; x_wconf 61' lang='lat' dir='ltr'>Pascnams</span> <span class='ocrx_word' id='word_1_352' title='bbox 1127 2907 1150 2930; x_wconf 80' lang='grc' dir='ltr'>Α</span> 
     </span>
     <span class='ocr_line' id='line_1_73' title="bbox 142 2952 1152 2993; baseline -0.015 -6"><span class='ocrx_word' id='word_1_353' title='bbox 142 2979 173 2983; x_wconf 92' lang='lat'>-—</span> <span class='ocrx_word' id='word_1_354' title='bbox 191 2970 214 2989; x_wconf 80' lang='lat'>19</span> <span class='ocrx_word' id='word_1_355' title='bbox 231 2963 299 2993; x_wconf 68' lang='lat' dir='ltr'>ojus]</span> <span class='ocrx_word' id='word_1_356' title='bbox 317 2969 365 2984; x_wconf 84' lang='lat' dir='ltr'>sue</span> <span class='ocrx_word' id='word_1_357' title='bbox 382 2963 403 2984; x_wconf 69' lang='lat' dir='ltr'>‚x</span> <span class='ocrx_word' id='word_1_358' title='bbox 420 2974 447 2976; x_wconf 97' lang='lat'><strong>—</strong></span> <span class='ocrx_word' id='word_1_359' title='bbox 463 2964 485 2984; x_wconf 75' lang='lat'>21</span> <span class='ocrx_word' id='word_1_360' title='bbox 506 2958 596 2983; x_wconf 78' lang='lat' dir='ltr'>Caroli</span> <span class='ocrx_word' id='word_1_361' title='bbox 614 2958 636 2980; x_wconf 65' lang='lat' dir='ltr'>A</span> <span class='ocrx_word' id='word_1_362' title='bbox 651 2969 681 2973; x_wconf 96' lang='lat'>—</span> <span class='ocrx_word' id='word_1_363' title='bbox 697 2960 726 2980; x_wconf 80' lang='lat'>22</span> <span class='ocrx_word' id='word_1_364' title='bbox 742 2954 845 2984; x_wconf 81' lang='lat' dir='ltr'>scripto</span> <span class='ocrx_word' id='word_1_365' title='bbox 860 2960 881 2976; x_wconf 87' lang='lat' dir='ltr'>s.</span> <span class='ocrx_word' id='word_1_366' title='bbox 899 2953 989 2975; x_wconf 81' lang='lat' dir='ltr'>anath.</span> <span class='ocrx_word' id='word_1_367' title='bbox 1007 2952 1152 2975; x_wconf 85' lang='lat' dir='ltr'>confirma-</span> 
     </span>
     <span class='ocr_line' id='line_1_74' title="bbox 144 2996 1152 3035; baseline -0.016 -2"><span class='ocrx_word' id='word_1_368' title='bbox 144 3010 183 3033; x_wconf 81' lang='lat' dir='ltr'>bit</span> <span class='ocrx_word' id='word_1_369' title='bbox 201 3010 223 3032; x_wconf 72' lang='lat' dir='ltr'>A</span> <span class='ocrx_word' id='word_1_370' title='bbox 241 3021 270 3024; x_wconf 97' lang='lat'><strong>—</strong></span> <span class='ocrx_word' id='word_1_371' title='bbox 289 3011 318 3031; x_wconf 86' lang='lat'>30</span> <span class='ocrx_word' id='word_1_372' title='bbox 334 3012 416 3035; x_wconf 84' lang='lat' dir='ltr'>super</span> <span class='ocrx_word' id='word_1_373' title='bbox 432 3005 472 3027; x_wconf 76' lang='lat' dir='ltr'>liis</span> <span class='ocrx_word' id='word_1_374' title='bbox 489 3010 544 3027; x_wconf 54' lang='lat' dir='ltr'>turn.</span> <span class='ocrx_word' id='word_1_375' title='bbox 563 3004 584 3025; x_wconf 71' lang='lat' dir='ltr'><strong>A</strong></span> <span class='ocrx_word' id='word_1_376' title='bbox 605 3015 633 3018; x_wconf 89' lang='lat'><em>-</em></span> <span class='ocrx_word' id='word_1_377' title='bbox 654 3005 677 3025; x_wconf 86' lang='grc'>31</span> <span class='ocrx_word' id='word_1_378' title='bbox 700 3006 751 3022; x_wconf 85' lang='lat' dir='ltr'>nee</span> <span class='ocrx_word' id='word_1_379' title='bbox 768 2999 790 3022; x_wconf 74' lang='lat' dir='ltr'>A</span> <span class='ocrx_word' id='word_1_380' title='bbox 810 3011 839 3015; x_wconf 83' lang='lat'>—</span> <span class='ocrx_word' id='word_1_381' title='bbox 859 3003 888 3023; x_wconf 82' lang='lat'>32</span> <span class='ocrx_word' id='word_1_382' title='bbox 905 2999 1063 3028; x_wconf 75' lang='lat' dir='ltr'>presunicnt</span> <span class='ocrx_word' id='word_1_383' title='bbox 1080 2996 1103 3018; x_wconf 72' lang='lat' dir='ltr'>A</span> <span class='ocrx_word' id='word_1_384' title='bbox 1124 3008 1152 3012; x_wconf 94' lang='lat'><em>-</em></span> 
     </span>
     <span class='ocr_line' id='line_1_75' title="bbox 143 3044 784 3083; baseline -0.016 -7"><span class='ocrx_word' id='word_1_385' title='bbox 143 3058 174 3078; x_wconf 80' lang='grc'>33</span> <span class='ocrx_word' id='word_1_386' title='bbox 191 3053 276 3083; x_wconf 84' lang='lat' dir='ltr'>ipsius</span> <span class='ocrx_word' id='word_1_387' title='bbox 290 3049 553 3077; x_wconf 67' lang='lat' dir='ltr'>&lt;catholicorum&gt;</span> <span class='ocrx_word' id='word_1_388' title='bbox 569 3048 591 3070; x_wconf 63' lang='lat' dir='ltr'>A</span> <span class='ocrx_word' id='word_1_389' title='bbox 607 3059 635 3062; x_wconf 87' lang='lat'>——</span> <span class='ocrx_word' id='word_1_390' title='bbox 651 3050 680 3070; x_wconf 80' lang='grc'>35</span> <span class='ocrx_word' id='word_1_391' title='bbox 695 3045 745 3067; x_wconf 87' lang='lat' dir='ltr'>hec</span> <span class='ocrx_word' id='word_1_392' title='bbox 761 3044 784 3067; x_wconf 85' lang='lat' dir='ltr'>A</span> 
     </span>
    </p>
   </div>
   <div class='ocr_carea' id='block_1_41' title="bbox 1250 444 1264 459">
    <p class='ocr_par' dir='ltr' id='par_1_41' title="bbox 1250 444 1264 459">
     <span class='ocr_line' id='line_1_76' title="bbox 1250 444 1264 459; baseline 0 0"><span class='ocrx_word' id='word_1_393' title='bbox 1250 444 1264 459; x_wconf 86' lang='grc'>))</span> 
     </span>
    </p>
   </div>
   <div class='ocr_carea' id='block_1_42' title="bbox 1251 498 1264 512">
    <p class='ocr_par' dir='ltr' id='par_1_42' title="bbox 1251 498 1264 512">
     <span class='ocr_line' id='line_1_77' title="bbox 1251 498 1264 512; baseline 0 0"><span class='ocrx_word' id='word_1_394' title='bbox 1251 498 1264 512; x_wconf 71' lang='lat' dir='ltr'>n</span> 
     </span>
    </p>
   </div>
   <div class='ocr_carea' id='block_1_43' title="bbox 1252 604 1266 619">
    <p class='ocr_par' dir='ltr' id='par_1_43' title="bbox 1252 604 1266 619">
     <span class='ocr_line' id='line_1_78' title="bbox 1252 604 1266 619; baseline -0.143 0"><span class='ocrx_word' id='word_1_395' title='bbox 1252 604 1266 619; x_wconf 89' lang='grc'>))</span> 
     </span>
    </p>
   </div>
   <div class='ocr_carea' id='block_1_44' title="bbox 1255 658 1267 671">
    <p class='ocr_par' dir='ltr' id='par_1_44' title="bbox 1255 658 1267 671">
     <span class='ocr_line' id='line_1_79' title="bbox 1255 658 1267 671; baseline 0 0"><span class='ocrx_word' id='word_1_396' title='bbox 1255 658 1267 671; x_wconf 74' lang='lat'>1)</span> 
     </span>
    </p>
   </div>
   <div class='ocr_carea' id='block_1_45' title="bbox 1254 710 1267 724">
    <p class='ocr_par' dir='ltr' id='par_1_45' title="bbox 1254 710 1267 724">
     <span class='ocr_line' id='line_1_80' title="bbox 1254 710 1267 724; baseline 0 0"><span class='ocrx_word' id='word_1_397' title='bbox 1254 710 1267 724; x_wconf 84' lang='grc'>))</span> 
     </span>
    </p>
   </div>
   <div class='ocr_carea' id='block_1_46' title="bbox 1254 762 1269 777">
    <p class='ocr_par' dir='ltr' id='par_1_46' title="bbox 1254 762 1269 777">
     <span class='ocr_line' id='line_1_81' title="bbox 1254 762 1269 777; baseline 0 0"><span class='ocrx_word' id='word_1_398' title='bbox 1254 762 1269 777; x_wconf 89' lang='grc'>))</span> 
     </span>
    </p>
   </div>
   <div class='ocr_carea' id='block_1_47' title="bbox 1256 815 1269 830">
    <p class='ocr_par' dir='ltr' id='par_1_47' title="bbox 1256 815 1269 830">
     <span class='ocr_line' id='line_1_82' title="bbox 1256 815 1269 830; baseline 0 0"><span class='ocrx_word' id='word_1_399' title='bbox 1256 815 1269 830; x_wconf 71' lang='grc' dir='ltr'>ἵ)</span> 
     </span>
    </p>
   </div>
   <div class='ocr_carea' id='block_1_48' title="bbox 1257 869 1262 881">
    <p class='ocr_par' dir='ltr' id='par_1_48' title="bbox 1257 869 1262 881">
     <span class='ocr_line' id='line_1_83' title="bbox 1257 869 1262 881; baseline 0 0"><span class='ocrx_word' id='word_1_400' title='bbox 1257 869 1262 881; x_wconf 83' lang='grc'><strong>)</strong></span> 
     </span>
    </p>
   </div>
   <div class='ocr_carea' id='block_1_49' title="bbox 1263 867 1270 881">
    <p class='ocr_par' dir='ltr' id='par_1_49' title="bbox 1263 867 1270 881">
     <span class='ocr_line' id='line_1_84' title="bbox 1263 867 1270 881; textangle 90"><span class='ocrx_word' id='word_1_401' title='bbox 1263 867 1270 881; x_wconf 59' lang='lat' dir='ltr'>v</span> 
     </span>
    </p>
   </div>
   <div class='ocr_carea' id='block_1_50' title="bbox 1288 432 2223 895">
    <p class='ocr_par' dir='ltr' id='par_1_50' title="bbox 1288 432 2223 895">
     <span class='ocr_line' id='line_1_85' title="bbox 1288 432 2218 472; baseline -0.001 -9"><span class='ocrx_word' id='word_1_402' title='bbox 1288 438 1394 464; x_wconf 82' lang='lat' dir='ltr'>autem</span> <span class='ocrx_word' id='word_1_403' title='bbox 1414 435 1475 464; x_wconf 86' lang='lat' dir='ltr'>nisi</span> <span class='ocrx_word' id='word_1_404' title='bbox 1491 434 1664 472; x_wconf 82' lang='lat' dir='ltr'>effugerint</span> <span class='ocrx_word' id='word_1_405' title='bbox 1678 433 1850 463; x_wconf 86' lang='lat' dir='ltr'>reddemus</span> <span class='ocrx_word' id='word_1_406' title='bbox 1866 432 1964 462; x_wconf 86' lang='lat' dir='ltr'>altera</span> <span class='ocrx_word' id='word_1_407' title='bbox 1980 432 2031 463; x_wconf 86' lang='lat' dir='ltr'>die</span> <span class='ocrx_word' id='word_1_408' title='bbox 2048 437 2116 472; x_wconf 87' lang='lat' dir='ltr'>post</span> <span class='ocrx_word' id='word_1_409' title='bbox 2128 441 2218 463; x_wconf 89' lang='lat' dir='ltr'>coro-</span> 
     </span>
     <span class='ocr_line' id='line_1_86' title="bbox 1291 485 2219 524; baseline 0 -9"><span class='ocrx_word' id='word_1_410' title='bbox 1291 487 1453 516; x_wconf 82' lang='lat' dir='ltr'>nationem</span> <span class='ocrx_word' id='word_1_411' title='bbox 1471 487 1566 524; x_wconf 85' lang='lat' dir='ltr'>regis.</span> <span class='ocrx_word' id='word_1_412' title='bbox 1585 486 1618 516; x_wconf 84' lang='lat' dir='ltr'>Si</span> <span class='ocrx_word' id='word_1_413' title='bbox 1631 495 1688 524; x_wconf 87' lang='lat' dir='ltr'>per</span> <span class='ocrx_word' id='word_1_414' title='bbox 1701 495 1813 524; x_wconf 86' lang='lat' dir='ltr'>papam</span> <span class='ocrx_word' id='word_1_415' title='bbox 1832 485 2023 515; x_wconf 82' lang='lat' dir='ltr'>remanserit</span> <span class='ocrx_word' id='word_1_416' title='bbox 2037 489 2071 515; x_wconf 89' lang='lat' dir='ltr'>ut</span> <span class='ocrx_word' id='word_1_417' title='bbox 2087 494 2151 515; x_wconf 89' lang='lat' dir='ltr'>non</span> <span class='ocrx_word' id='word_1_418' title='bbox 2167 493 2219 515; x_wconf 92' lang='lat' dir='ltr'>co-</span> 
     </span>
     <span class='ocr_line' id='line_1_87' title="bbox 1291 538 2220 576; baseline -0.002 -7"><span class='ocrx_word' id='word_1_419' title='bbox 1291 544 1433 576; x_wconf 84' lang='lat' dir='ltr'>ronetur,</span> <span class='ocrx_word' id='word_1_420' title='bbox 1452 539 1604 569; x_wconf 86' lang='lat' dir='ltr'>similiter</span> <span class='ocrx_word' id='word_1_421' title='bbox 1621 538 1803 568; x_wconf 87' lang='lat' dir='ltr'>reddemus.</span> <span class='ocrx_word' id='word_1_422' title='bbox 1823 538 1881 568; x_wconf 87' lang='lat' dir='ltr'>Die</span> <span class='ocrx_word' id='word_1_423' title='bbox 1895 538 2060 568; x_wconf 74' lang='lat' dir='ltr'>dominito</span> <span class='ocrx_word' id='word_1_424' title='bbox 2075 547 2147 568; x_wconf 89' lang='lat' dir='ltr'>cnm</span> <span class='ocrx_word' id='word_1_425' title='bbox 2166 547 2220 568; x_wconf 88' lang='lat' dir='ltr'>rex</span> 
     </span>
     <span class='ocr_line' id='line_1_88' title="bbox 1291 591 2222 630; baseline -0.002 -8"><span class='ocrx_word' id='word_1_426' title='bbox 1291 592 1330 622; x_wconf 84' lang='lat' dir='ltr'>ad</span> <span class='ocrx_word' id='word_1_427' title='bbox 1354 593 1589 630; x_wconf 80' lang='lat' dir='ltr'>processionem</span> <span class='ocrx_word' id='word_1_428' title='bbox 1613 596 1758 629; x_wconf 88' lang='lat' dir='ltr'>receptus</span> <span class='ocrx_word' id='word_1_429' title='bbox 1780 591 1894 627; x_wconf 81' lang='lat' dir='ltr'>tuerit,</span> <span class='ocrx_word' id='word_1_430' title='bbox 1916 591 2041 620; x_wconf 86' lang='lat' dir='ltr'>obsides</span> <span class='ocrx_word' id='word_1_431' title='bbox 2064 591 2144 620; x_wconf 83' lang='lat' dir='ltr'>dabo</span> <span class='ocrx_word' id='word_1_432' title='bbox 2167 595 2222 621; x_wconf 86' lang='lat' dir='ltr'>aut</span> 
     </span>
     <span class='ocr_line' id='line_1_89' title="bbox 1293 643 2221 683; baseline -0.001 -9"><span class='ocrx_word' id='word_1_433' title='bbox 1293 654 1348 683; x_wconf 88' lang='lat' dir='ltr'>per</span> <span class='ocrx_word' id='word_1_434' title='bbox 1365 654 1416 674; x_wconf 85' lang='grc'>1110</span> <span class='ocrx_word' id='word_1_435' title='bbox 1432 650 1488 674; x_wconf 86' lang='lat' dir='ltr'>aut</span> <span class='ocrx_word' id='word_1_436' title='bbox 1510 654 1564 683; x_wconf 84' lang='lat' dir='ltr'>per</span> <span class='ocrx_word' id='word_1_437' title='bbox 1585 645 1736 674; x_wconf 85' lang='lat' dir='ltr'>nuntium</span> <span class='ocrx_word' id='word_1_438' title='bbox 1755 652 1881 681; x_wconf 86' lang='lat' dir='ltr'>meum,</span> <span class='ocrx_word' id='word_1_439' title='bbox 1900 643 2093 673; x_wconf 81' lang='lat' dir='ltr'>Gratianum</span> <span class='ocrx_word' id='word_1_440' title='bbox 2116 643 2221 674; x_wconf 81' lang='lat' dir='ltr'>filium</span> 
     </span>
     <span class='ocr_line' id='line_1_90' title="bbox 1293 696 2222 735; baseline -0.002 -8"><span class='ocrx_word' id='word_1_441' title='bbox 1293 707 1401 727; x_wconf 87' lang='lat' dir='ltr'>meum</span> <span class='ocrx_word' id='word_1_442' title='bbox 1416 702 1444 727; x_wconf 88' lang='lat' dir='ltr'>et</span> <span class='ocrx_word' id='word_1_443' title='bbox 1458 697 1563 727; x_wconf 78' lang='lat' dir='ltr'>filiuni</span> <span class='ocrx_word' id='word_1_444' title='bbox 1580 697 1746 735; x_wconf 85' lang='lat' dir='ltr'>Ugitionis</span> <span class='ocrx_word' id='word_1_445' title='bbox 1761 696 1821 726; x_wconf 85' lang='lat' dir='ltr'>filii</span> <span class='ocrx_word' id='word_1_446' title='bbox 1837 697 1900 726; x_wconf 90' lang='lat' dir='ltr'>mei</span> <span class='ocrx_word' id='word_1_447' title='bbox 1918 696 1968 726; x_wconf 83' lang='lat' dir='ltr'>vel</span> <span class='ocrx_word' id='word_1_448' title='bbox 1986 697 2086 726; x_wconf 79' lang='lat' dir='ltr'>tilium</span> <span class='ocrx_word' id='word_1_449' title='bbox 2105 697 2222 727; x_wconf 89' lang='lat' dir='ltr'>sororis</span> 
     </span>
     <span class='ocr_line' id='line_1_91' title="bbox 1293 749 2223 788; baseline -0.002 -8"><span class='ocrx_word' id='word_1_450' title='bbox 1293 759 1382 786; x_wconf 84' lang='lat' dir='ltr'>mee,</span> <span class='ocrx_word' id='word_1_451' title='bbox 1406 751 1433 780; x_wconf 86' lang='lat' dir='ltr'>si</span> <span class='ocrx_word' id='word_1_452' title='bbox 1460 760 1534 780; x_wconf 88' lang='lat' dir='ltr'>enm</span> <span class='ocrx_word' id='word_1_453' title='bbox 1554 751 1696 780; x_wconf 83' lang='lat' dir='ltr'>habuere</span> <span class='ocrx_word' id='word_1_454' title='bbox 1719 754 1860 788; x_wconf 87' lang='lat' dir='ltr'>potuero.</span> <span class='ocrx_word' id='word_1_455' title='bbox 1887 749 1950 778; x_wconf 85' lang='lat' dir='ltr'>nisi</span> <span class='ocrx_word' id='word_1_456' title='bbox 1970 758 2025 788; x_wconf 86' lang='lat' dir='ltr'>per</span> <span class='ocrx_word' id='word_1_457' title='bbox 2045 758 2152 787; x_wconf 87' lang='lat' dir='ltr'>regem</span> <span class='ocrx_word' id='word_1_458' title='bbox 2172 759 2223 779; x_wconf 89' lang='lat' dir='ltr'>re-</span> 
     </span>
     <span class='ocr_line' id='line_1_92' title="bbox 1295 803 2223 841; baseline -0.001 -9"><span class='ocrx_word' id='word_1_459' title='bbox 1295 804 1459 840; x_wconf 72' lang='lat' dir='ltr'>manserit,</span> <span class='ocrx_word' id='word_1_460' title='bbox 1475 812 1531 841; x_wconf 89' lang='lat' dir='ltr'>pro</span> <span class='ocrx_word' id='word_1_461' title='bbox 1549 803 1717 833; x_wconf 85' lang='lat' dir='ltr'>securitate</span> <span class='ocrx_word' id='word_1_462' title='bbox 1730 803 1814 840; x_wconf 85' lang='lat' dir='ltr'>regis</span> <span class='ocrx_word' id='word_1_463' title='bbox 1827 806 1859 831; x_wconf 88' lang='lat' dir='ltr'>nt</span> <span class='ocrx_word' id='word_1_464' title='bbox 1873 811 1984 832; x_wconf 87' lang='lat' dir='ltr'>secure</span> <span class='ocrx_word' id='word_1_465' title='bbox 2000 806 2139 832; x_wconf 85' lang='lat' dir='ltr'>transeat</span> <span class='ocrx_word' id='word_1_466' title='bbox 2153 810 2223 832; x_wconf 88' lang='lat' dir='ltr'>cas-</span> 
     </span>
     <span class='ocr_line' id='line_1_93' title="bbox 1298 856 1651 895; baseline 0.003 -10"><span class='ocrx_word' id='word_1_467' title='bbox 1298 856 1408 885; x_wconf 89' lang='lat' dir='ltr'>tellum</span> <span class='ocrx_word' id='word_1_468' title='bbox 1429 860 1459 886; x_wconf 87' lang='lat' dir='ltr'>et</span> <span class='ocrx_word' id='word_1_469' title='bbox 1478 860 1618 895; x_wconf 86' lang='lat' dir='ltr'>pontem.</span> <span class='ocrx_word' id='word_1_470' title='bbox 1639 868 1651 882; x_wconf 82' lang='lat' dir='ltr'>n</span> 
     </span>
    </p>
   </div>
   <div class='ocr_carea' id='block_1_51' title="bbox 1216 1014 2226 1098">
    <p class='ocr_par' dir='ltr' id='par_1_51' title="bbox 1216 1014 2226 1098">
     <span class='ocr_line' id='line_1_94' title="bbox 1216 1014 2226 1044; baseline -0.002 0"><span class='ocrx_word' id='word_1_471' title='bbox 1216 1014 1418 1044; x_wconf 85' lang='lat' dir='ltr'>CXXXVII.</span> <span class='ocrx_word' id='word_1_472' title='bbox 1431 1031 1469 1034; x_wconf 97' lang='lat'><strong>—</strong></span> <span class='ocrx_word' id='word_1_473' title='bbox 1483 1014 1595 1044; x_wconf 58' lang='lat' dir='ltr'>FoaMA</span> <span class='ocrx_word' id='word_1_474' title='bbox 1611 1023 1751 1043; x_wconf 66' lang='lat' dir='ltr'>MANDATI</span> <span class='ocrx_word' id='word_1_475' title='bbox 1768 1022 1865 1043; x_wconf 77' lang='lat' dir='ltr'>SUPER</span> <span class='ocrx_word' id='word_1_476' title='bbox 1882 1022 2115 1044; x_wconf 73' lang='lat' dir='ltr'>RESTITUTIONE</span> <span class='ocrx_word' id='word_1_477' title='bbox 2133 1021 2226 1042; x_wconf 68' lang='grc' dir='ltr'>1111οΑ-</span> 
     </span>
     <span class='ocr_line' id='line_1_95' title="bbox 1256 1067 1658 1098; baseline -0.002 -1"><span class='ocrx_word' id='word_1_478' title='bbox 1256 1077 1332 1097; x_wconf 81' lang='lat' dir='ltr'>LIUM</span> <span class='ocrx_word' id='word_1_479' title='bbox 1351 1067 1485 1098; x_wconf 59' lang='lat' dir='ltr'>Bonane</span> <span class='ocrx_word' id='word_1_480' title='bbox 1505 1076 1658 1096; x_wconf 70' lang='grc'>00010510.</span> 
     </span>
    </p>
   </div>
   <div class='ocr_carea' id='block_1_52' title="bbox 1259 1238 1273 1252">
    <p class='ocr_par' dir='ltr' id='par_1_52' title="bbox 1259 1238 1273 1252">
     <span class='ocr_line' id='line_1_96' title="bbox 1259 1238 1273 1252; baseline 0 0"><span class='ocrx_word' id='word_1_481' title='bbox 1259 1238 1273 1252; x_wconf 77' lang='grc'>))</span> 
     </span>
    </p>
   </div>
   <div class='ocr_carea' id='block_1_53' title="bbox 1260 1291 1273 1305">
    <p class='ocr_par' dir='ltr' id='par_1_53' title="bbox 1260 1291 1273 1305">
     <span class='ocr_line' id='line_1_97' title="bbox 1260 1291 1273 1305; baseline 0 0"><span class='ocrx_word' id='word_1_482' title='bbox 1260 1291 1273 1305; x_wconf 70' lang='grc' dir='ltr'>Ὶ)</span> 
     </span>
    </p>
   </div>
   <div class='ocr_carea' id='block_1_54' title="bbox 1261 1343 1274 1358">
    <p class='ocr_par' dir='ltr' id='par_1_54' title="bbox 1261 1343 1274 1358">
     <span class='ocr_line' id='line_1_98' title="bbox 1261 1343 1274 1358; baseline 0 0"><span class='ocrx_word' id='word_1_483' title='bbox 1261 1343 1274 1358; x_wconf 73' lang='lat'>1)</span> 
     </span>
    </p>
   </div>
   <div class='ocr_carea' id='block_1_55' title="bbox 1261 1397 1274 1411">
    <p class='ocr_par' dir='ltr' id='par_1_55' title="bbox 1261 1397 1274 1411">
     <span class='ocr_line' id='line_1_99' title="bbox 1261 1397 1274 1411; baseline 0 0"><span class='ocrx_word' id='word_1_484' title='bbox 1261 1397 1274 1411; x_wconf 64' lang='grc' dir='ltr'>Υ)</span> 
     </span>
    </p>
   </div>
   <div class='ocr_carea' id='block_1_56' title="bbox 1261 1450 1274 1464">
    <p class='ocr_par' dir='ltr' id='par_1_56' title="bbox 1261 1450 1274 1464">
     <span class='ocr_line' id='line_1_100' title="bbox 1261 1450 1274 1464; baseline 0 0"><span class='ocrx_word' id='word_1_485' title='bbox 1261 1450 1274 1464; x_wconf 82' lang='grc'>))</span> 
     </span>
    </p>
   </div>
   <div class='ocr_carea' id='block_1_57' title="bbox 1262 1502 1275 1517">
    <p class='ocr_par' dir='ltr' id='par_1_57' title="bbox 1262 1502 1275 1517">
     <span class='ocr_line' id='line_1_101' title="bbox 1262 1502 1275 1517; baseline 0 0"><span class='ocrx_word' id='word_1_486' title='bbox 1262 1502 1275 1517; x_wconf 85' lang='grc'>))</span> 
     </span>
    </p>
   </div>
   <div class='ocr_carea' id='block_1_58' title="bbox 1295 1172 2234 1582">
    <p class='ocr_par' dir='ltr' id='par_1_58' title="bbox 1295 1172 2232 1529">
     <span class='ocr_line' id='line_1_102' title="bbox 1299 1172 2230 1213; baseline 0.001 -13"><span class='ocrx_word' id='word_1_487' title='bbox 1299 1185 1312 1200; x_wconf 90' lang='lat'>«</span> <span class='ocrx_word' id='word_1_488' title='bbox 1339 1174 1404 1211; x_wconf 85' lang='lat' dir='ltr'>Ego</span> <span class='ocrx_word' id='word_1_489' title='bbox 1428 1174 1543 1203; x_wconf 87' lang='lat' dir='ltr'>Petrus</span> <span class='ocrx_word' id='word_1_490' title='bbox 1566 1173 1680 1203; x_wconf 84' lang='lat' dir='ltr'>Leonis</span> <span class='ocrx_word' id='word_1_491' title='bbox 1695 1174 1770 1212; x_wconf 90' lang='lat' dir='ltr'>juro</span> <span class='ocrx_word' id='word_1_492' title='bbox 1787 1173 1876 1203; x_wconf 89' lang='lat' dir='ltr'>vobis</span> <span class='ocrx_word' id='word_1_493' title='bbox 1894 1173 1971 1213; x_wconf 68' lang='lat' dir='ltr'>quia</span> <span class='ocrx_word' id='word_1_494' title='bbox 1989 1172 2130 1203; x_wconf 86' lang='lat' dir='ltr'>domnus</span> <span class='ocrx_word' id='word_1_495' title='bbox 2150 1180 2230 1211; x_wconf 88' lang='lat' dir='ltr'>papa</span> 
     </span>
     <span class='ocr_line' id='line_1_103' title="bbox 1295 1225 2230 1265; baseline -0.001 -10"><span class='ocrx_word' id='word_1_496' title='bbox 1295 1226 1442 1264; x_wconf 78' lang='lat' dir='ltr'>proximo</span> <span class='ocrx_word' id='word_1_497' title='bbox 1462 1225 1514 1256; x_wconf 88' lang='lat' dir='ltr'>die</span> <span class='ocrx_word' id='word_1_498' title='bbox 1535 1226 1698 1256; x_wconf 87' lang='lat' dir='ltr'>dominico</span> <span class='ocrx_word' id='word_1_499' title='bbox 1718 1226 1908 1264; x_wconf 86' lang='lat' dir='ltr'>adimplebit</span> <span class='ocrx_word' id='word_1_500' title='bbox 1927 1226 2009 1265; x_wconf 86' lang='lat' dir='ltr'>regi,</span> <span class='ocrx_word' id='word_1_501' title='bbox 2026 1225 2088 1254; x_wconf 90' lang='lat' dir='ltr'>nisi</span> <span class='ocrx_word' id='word_1_502' title='bbox 2104 1225 2139 1254; x_wconf 90' lang='lat' dir='ltr'>in</span> <span class='ocrx_word' id='word_1_503' title='bbox 2155 1233 2230 1263; x_wconf 84' lang='lat' dir='ltr'>rege</span> 
     </span>
     <span class='ocr_line' id='line_1_104' title="bbox 1299 1278 2230 1317; baseline -0.001 -9"><span class='ocrx_word' id='word_1_504' title='bbox 1299 1279 1512 1314; x_wconf 68' lang='lat' dir='ltr'>remanxeidt,</span> <span class='ocrx_word' id='word_1_505' title='bbox 1530 1279 1614 1317; x_wconf 81' lang='lat' dir='ltr'>quod</span> <span class='ocrx_word' id='word_1_506' title='bbox 1636 1279 1670 1308; x_wconf 90' lang='lat' dir='ltr'>in</span> <span class='ocrx_word' id='word_1_507' title='bbox 1690 1279 1812 1308; x_wconf 85' lang='lat' dir='ltr'>cartula</span> <span class='ocrx_word' id='word_1_508' title='bbox 1830 1278 2057 1309; x_wconf 87' lang='lat' dir='ltr'>conventionis</span> <span class='ocrx_word' id='word_1_509' title='bbox 2075 1278 2230 1316; x_wconf 88' lang='lat' dir='ltr'>scriptum</span> 
     </span>
     <span class='ocr_line' id='line_1_105' title="bbox 1299 1330 2231 1371; baseline -0.001 -10"><span class='ocrx_word' id='word_1_510' title='bbox 1299 1335 1357 1367; x_wconf 76' lang='lat' dir='ltr'>est,</span> <span class='ocrx_word' id='word_1_511' title='bbox 1378 1331 1428 1370; x_wconf 84' lang='lat' dir='ltr'>[si]</span> <span class='ocrx_word' id='word_1_512' title='bbox 1455 1341 1505 1361; x_wconf 74' lang='lat' dir='ltr'>rex·</span> <span class='ocrx_word' id='word_1_513' title='bbox 1525 1332 1745 1361; x_wconf 85' lang='lat' dir='ltr'>observaverit</span> <span class='ocrx_word' id='word_1_514' title='bbox 1763 1332 1903 1371; x_wconf 88' lang='lat' dir='ltr'>dompno</span> <span class='ocrx_word' id='word_1_515' title='bbox 1922 1341 2000 1370; x_wconf 84' lang='lat' dir='ltr'>pape</span> <span class='ocrx_word' id='word_1_516' title='bbox 2016 1331 2097 1361; x_wconf 87' lang='lat' dir='ltr'>sicut</span> <span class='ocrx_word' id='word_1_517' title='bbox 2114 1331 2149 1360; x_wconf 89' lang='lat' dir='ltr'>in</span> <span class='ocrx_word' id='word_1_518' title='bbox 2167 1330 2231 1361; x_wconf 87' lang='lat' dir='ltr'>alia</span> 
     </span>
     <span class='ocr_line' id='line_1_106' title="bbox 1299 1385 2228 1424; baseline -0.001 -10"><span class='ocrx_word' id='word_1_519' title='bbox 1299 1385 1525 1414; x_wconf 86' lang='lat' dir='ltr'>conventionis</span> <span class='ocrx_word' id='word_1_520' title='bbox 1558 1390 1643 1414; x_wconf 86' lang='lat' dir='ltr'>carta</span> <span class='ocrx_word' id='word_1_521' title='bbox 1678 1386 1831 1424; x_wconf 84' lang='lat' dir='ltr'>scriptum</span> <span class='ocrx_word' id='word_1_522' title='bbox 1862 1389 1919 1414; x_wconf 89' lang='lat' dir='ltr'>est.</span> <span class='ocrx_word' id='word_1_523' title='bbox 1953 1386 2069 1414; x_wconf 81' lang='lat' dir='ltr'>Actum</span> <span class='ocrx_word' id='word_1_524' title='bbox 2100 1394 2121 1413; x_wconf 91' lang='lat'>11</span> <span class='ocrx_word' id='word_1_525' title='bbox 2151 1393 2228 1414; x_wconf 90' lang='lat' dir='ltr'>non.</span> 
     </span>
     <span class='ocr_line' id='line_1_107' title="bbox 1300 1437 2232 1474; baseline -0.001 -7"><span class='ocrx_word' id='word_1_526' title='bbox 1300 1438 1393 1474; x_wconf 83' lang='lat' dir='ltr'>sebr.‚</span> <span class='ocrx_word' id='word_1_527' title='bbox 1410 1438 1445 1466; x_wconf 92' lang='lat' dir='ltr'>in</span> <span class='ocrx_word' id='word_1_528' title='bbox 1467 1438 1547 1468; x_wconf 86' lang='lat' dir='ltr'>atrio</span> <span class='ocrx_word' id='word_1_529' title='bbox 1570 1438 1653 1467; x_wconf 86' lang='lat' dir='ltr'>beati</span> <span class='ocrx_word' id='word_1_530' title='bbox 1677 1438 1776 1473; x_wconf 79' lang='lat' dir='ltr'>Petri,</span> <span class='ocrx_word' id='word_1_531' title='bbox 1796 1438 1829 1467; x_wconf 95' lang='lat' dir='ltr'>in</span> <span class='ocrx_word' id='word_1_532' title='bbox 1855 1437 1988 1468; x_wconf 83' lang='lat' dir='ltr'>ecclesia</span> <span class='ocrx_word' id='word_1_533' title='bbox 2006 1441 2113 1467; x_wconf 85' lang='lat' dir='ltr'>sancte</span> <span class='ocrx_word' id='word_1_534' title='bbox 2129 1437 2232 1466; x_wconf 85' lang='lat' dir='ltr'>Marie</span> 
     </span>
     <span class='ocr_line' id='line_1_108' title="bbox 1300 1490 1708 1529; baseline 0.005 -10"><span class='ocrx_word' id='word_1_535' title='bbox 1300 1499 1362 1529; x_wconf 85' lang='lat' dir='ltr'>que</span> <span class='ocrx_word' id='word_1_536' title='bbox 1378 1490 1496 1520; x_wconf 89' lang='lat' dir='ltr'>dicitur</span> <span class='ocrx_word' id='word_1_537' title='bbox 1512 1491 1546 1519; x_wconf 92' lang='lat' dir='ltr'>in</span> <span class='ocrx_word' id='word_1_538' title='bbox 1567 1491 1672 1521; x_wconf 87' lang='grc' dir='ltr'>Τ1111·1.</span> <span class='ocrx_word' id='word_1_539' title='bbox 1695 1503 1708 1516; x_wconf 82' lang='lat'>&gt;›</span> 
     </span>
    </p>

    <p class='ocr_par' dir='ltr' id='par_1_59' title="bbox 1301 1543 2234 1582">
     <span class='ocr_line' id='line_1_109' title="bbox 1301 1543 2234 1582; baseline -0.001 -9"><span class='ocrx_word' id='word_1_540' title='bbox 1301 1545 1375 1574; x_wconf 80' lang='lat' dir='ltr'>Post</span> <span class='ocrx_word' id='word_1_541' title='bbox 1392 1544 1450 1573; x_wconf 82' lang='lat' dir='ltr'>hoc</span> <span class='ocrx_word' id='word_1_542' title='bbox 1476 1544 1617 1574; x_wconf 84' lang='lat' dir='ltr'>domnus</span> <span class='ocrx_word' id='word_1_543' title='bbox 1635 1553 1713 1582; x_wconf 82' lang='lat' dir='ltr'>papa</span> <span class='ocrx_word' id='word_1_544' title='bbox 1731 1545 1862 1574; x_wconf 86' lang='lat' dir='ltr'>nuntios</span> <span class='ocrx_word' id='word_1_545' title='bbox 1886 1553 1961 1574; x_wconf 89' lang='lat' dir='ltr'>snos</span> <span class='ocrx_word' id='word_1_546' title='bbox 1981 1544 2126 1573; x_wconf 85' lang='lat' dir='ltr'>Sutrium</span> <span class='ocrx_word' id='word_1_547' title='bbox 2145 1543 2234 1573; x_wconf 85' lang='lat' dir='ltr'>misit</span> 
     </span>
    </p>
   </div>
   <div class='ocr_carea' id='block_1_59' title="bbox 1261 1597 1977 1636">
    <p class='ocr_par' dir='ltr' id='par_1_60' title="bbox 1261 1597 1977 1636">
     <span class='ocr_line' id='line_1_110' title="bbox 1261 1597 1977 1636; baseline 0 -10"><span class='ocrx_word' id='word_1_548' title='bbox 1261 1606 1367 1627; x_wconf 87' lang='lat' dir='ltr'>coram</span> <span class='ocrx_word' id='word_1_549' title='bbox 1385 1598 1504 1636; x_wconf 84' lang='lat' dir='ltr'>quibus</span> <span class='ocrx_word' id='word_1_550' title='bbox 1520 1607 1573 1626; x_wconf 75' lang='lat' dir='ltr'>rex</span> <span class='ocrx_word' id='word_1_551' title='bbox 1590 1597 1623 1626; x_wconf 92' lang='lat' dir='ltr'>in</span> <span class='ocrx_word' id='word_1_552' title='bbox 1645 1597 1703 1626; x_wconf 86' lang='lat' dir='ltr'>hec</span> <span class='ocrx_word' id='word_1_553' title='bbox 1720 1597 1817 1627; x_wconf 81' lang='lat' dir='ltr'>verba</span> <span class='ocrx_word' id='word_1_554' title='bbox 1831 1597 1953 1635; x_wconf 87' lang='lat' dir='ltr'>juravit</span> <span class='ocrx_word' id='word_1_555' title='bbox 1971 1609 1977 1626; x_wconf 95' lang='lat'>:</span> 
     </span>
    </p>
   </div>
   <div class='ocr_carea' id='block_1_60' title="bbox 1222 1756 2003 1787">
    <p class='ocr_par' dir='ltr' id='par_1_61' title="bbox 1222 1756 2003 1787">
     <span class='ocr_line' id='line_1_111' title="bbox 1222 1756 2003 1787; baseline 0 -2"><span class='ocrx_word' id='word_1_556' title='bbox 1222 1756 1435 1786; x_wconf 82' lang='lat' dir='ltr'>CXXXVIII.</span> <span class='ocrx_word' id='word_1_557' title='bbox 1454 1774 1491 1778; x_wconf 92' lang='lat'>—</span> <span class='ocrx_word' id='word_1_558' title='bbox 1509 1757 1588 1786; x_wconf 72' lang='lat' dir='ltr'>ITEM</span> <span class='ocrx_word' id='word_1_559' title='bbox 1606 1766 1677 1786; x_wconf 71' lang='lat' dir='ltr'>ALIA</span> <span class='ocrx_word' id='word_1_560' title='bbox 1694 1765 1798 1787; x_wconf 68' lang='lat' dir='ltr'>Fonna</span> <span class='ocrx_word' id='word_1_561' title='bbox 1813 1766 2003 1786; x_wconf 79' lang='lat' dir='ltr'>JURAMENTl.</span> 
     </span>
    </p>
   </div>
   <div class='ocr_carea' id='block_1_61' title="bbox 1303 1862 2242 2748">
    <p class='ocr_par' dir='ltr' id='par_1_62' title="bbox 1303 1862 2242 2748">
     <span class='ocr_line' id='line_1_112' title="bbox 1306 1862 2236 1900; baseline -0.001 -8"><span class='ocrx_word' id='word_1_562' title='bbox 1306 1875 1318 1888; x_wconf 88' lang='lat'>«</span> <span class='ocrx_word' id='word_1_563' title='bbox 1340 1863 1406 1900; x_wconf 85' lang='lat' dir='ltr'>Ego</span> <span class='ocrx_word' id='word_1_564' title='bbox 1427 1863 1585 1892; x_wconf 72' lang='lat' dir='ltr'>Hernicus</span> <span class='ocrx_word' id='word_1_565' title='bbox 1608 1871 1661 1892; x_wconf 83' lang='lat' dir='ltr'>rex</span> <span class='ocrx_word' id='word_1_566' title='bbox 1685 1863 1724 1891; x_wconf 89' lang='lat' dir='ltr'>ab</span> <span class='ocrx_word' id='word_1_567' title='bbox 1745 1862 1804 1892; x_wconf 90' lang='lat' dir='ltr'>hac</span> <span class='ocrx_word' id='word_1_568' title='bbox 1827 1862 1905 1892; x_wconf 83' lang='lat' dir='ltr'>hora</span> <span class='ocrx_word' id='word_1_569' title='bbox 1926 1862 1959 1890; x_wconf 83' lang='lat' dir='ltr'>in</span> <span class='ocrx_word' id='word_1_570' title='bbox 1981 1867 2075 1892; x_wconf 77' lang='lat' dir='ltr'>antea</span> <span class='ocrx_word' id='word_1_571' title='bbox 2100 1870 2163 1891; x_wconf 89' lang='lat' dir='ltr'>non</span> <span class='ocrx_word' id='word_1_572' title='bbox 2182 1870 2236 1891; x_wconf 91' lang='lat' dir='ltr'>ero</span> 
     </span>
     <span class='ocr_line' id='line_1_113' title="bbox 1303 1914 2236 1953; baseline 0 -9"><span class='ocrx_word' id='word_1_573' title='bbox 1303 1916 1336 1944; x_wconf 89' lang='lat' dir='ltr'>in</span> <span class='ocrx_word' id='word_1_574' title='bbox 1354 1916 1436 1945; x_wconf 78' lang='lat' dir='ltr'>facto</span> <span class='ocrx_word' id='word_1_575' title='bbox 1452 1919 1505 1944; x_wconf 89' lang='lat' dir='ltr'>aut</span> <span class='ocrx_word' id='word_1_576' title='bbox 1526 1914 1662 1945; x_wconf 75' lang='lat' dir='ltr'>consilio</span> <span class='ocrx_word' id='word_1_577' title='bbox 1685 1919 1720 1944; x_wconf 89' lang='lat' dir='ltr'>nt</span> <span class='ocrx_word' id='word_1_578' title='bbox 1740 1915 1880 1945; x_wconf 87' lang='lat' dir='ltr'>domnus</span> <span class='ocrx_word' id='word_1_579' title='bbox 1898 1924 1975 1953; x_wconf 85' lang='lat' dir='ltr'>papa</span> <span class='ocrx_word' id='word_1_580' title='bbox 1994 1914 2158 1944; x_wconf 80' lang='lat' dir='ltr'>Pasclialis</span> <span class='ocrx_word' id='word_1_581' title='bbox 2177 1915 2236 1944; x_wconf 70' lang='lat'>110⁵</span> 
     </span>
     <span class='ocr_line' id='line_1_114' title="bbox 1304 1968 2237 2006; baseline 0 -9"><span class='ocrx_word' id='word_1_582' title='bbox 1304 1969 1412 2006; x_wconf 83' lang='lat' dir='ltr'>perdat</span> <span class='ocrx_word' id='word_1_583' title='bbox 1435 1972 1583 2006; x_wconf 81' lang='lat' dir='ltr'>papatum</span> <span class='ocrx_word' id='word_1_584' title='bbox 1610 1969 1792 1998; x_wconf 70' lang='lat' dir='ltr'>Romanum</span> <span class='ocrx_word' id='word_1_585' title='bbox 1818 1968 1867 1997; x_wconf 83' lang='lat' dir='ltr'>vel</span> <span class='ocrx_word' id='word_1_586' title='bbox 1891 1969 1987 1998; x_wconf 87' lang='lat' dir='ltr'>vitam</span> <span class='ocrx_word' id='word_1_587' title='bbox 2014 1968 2064 1997; x_wconf 88' lang='lat' dir='ltr'>vel</span> <span class='ocrx_word' id='word_1_588' title='bbox 2091 1968 2237 1998; x_wconf 85' lang='lat' dir='ltr'>membra</span> 
     </span>
     <span class='ocr_line' id='line_1_115' title="bbox 1305 2020 2236 2059; baseline 0.002 -11"><span class='ocrx_word' id='word_1_589' title='bbox 1305 2021 1355 2050; x_wconf 82' lang='lat' dir='ltr'>vel</span> <span class='ocrx_word' id='word_1_590' title='bbox 1371 2021 1516 2058; x_wconf 86' lang='lat' dir='ltr'>capiatur</span> <span class='ocrx_word' id='word_1_591' title='bbox 1531 2020 1613 2049; x_wconf 85' lang='lat' dir='ltr'>mala</span> <span class='ocrx_word' id='word_1_592' title='bbox 1626 2021 1783 2058; x_wconf 77' lang='lat' dir='ltr'>captione,</span> <span class='ocrx_word' id='word_1_593' title='bbox 1796 2025 1852 2049; x_wconf 82' lang='lat' dir='ltr'>ant</span> <span class='ocrx_word' id='word_1_594' title='bbox 1868 2029 1922 2058; x_wconf 87' lang='lat' dir='ltr'>per</span> <span class='ocrx_word' id='word_1_595' title='bbox 1939 2029 1990 2049; x_wconf 88' lang='lat' dir='ltr'>me</span> <span class='ocrx_word' id='word_1_596' title='bbox 2006 2025 2062 2050; x_wconf 88' lang='lat' dir='ltr'>aut</span> <span class='ocrx_word' id='word_1_597' title='bbox 2077 2030 2132 2059; x_wconf 84' lang='lat' dir='ltr'>per</span> <span class='ocrx_word' id='word_1_598' title='bbox 2147 2029 2236 2050; x_wconf 88' lang='lat' dir='ltr'>sum-</span> 
     </span>
     <span class='ocr_line' id='line_1_116' title="bbox 1306 2073 2238 2112; baseline 0.001 -10"><span class='ocrx_word' id='word_1_599' title='bbox 1306 2074 1438 2103; x_wconf 78' lang='lat' dir='ltr'>missam</span> <span class='ocrx_word' id='word_1_600' title='bbox 1463 2082 1650 2112; x_wconf 82' lang='lat' dir='ltr'>personam,</span> <span class='ocrx_word' id='word_1_601' title='bbox 1670 2082 1728 2102; x_wconf 87' lang='lat' dir='ltr'>nec</span> <span class='ocrx_word' id='word_1_602' title='bbox 1746 2074 1813 2112; x_wconf 89' lang='lat' dir='ltr'>ipse</span> <span class='ocrx_word' id='word_1_603' title='bbox 1836 2082 1893 2103; x_wconf 87' lang='grc'>1100</span> <span class='ocrx_word' id='word_1_604' title='bbox 1921 2073 2030 2103; x_wconf 82' lang='lat' dir='ltr'>fideles</span> <span class='ocrx_word' id='word_1_605' title='bbox 2053 2073 2158 2112; x_wconf 87' lang='lat' dir='ltr'>ipsius</span> <span class='ocrx_word' id='word_1_606' title='bbox 2180 2073 2238 2112; x_wconf 86' lang='lat' dir='ltr'>qui</span> 
     </span>
     <span class='ocr_line' id='line_1_117' title="bbox 1306 2125 2238 2165; baseline 0.001 -10"><span class='ocrx_word' id='word_1_607' title='bbox 1306 2135 1361 2164; x_wconf 89' lang='lat' dir='ltr'>pro</span> <span class='ocrx_word' id='word_1_608' title='bbox 1381 2127 1449 2165; x_wconf 86' lang='lat' dir='ltr'>ipso</span> <span class='ocrx_word' id='word_1_609' title='bbox 1471 2127 1673 2156; x_wconf 81' lang='lat' dir='ltr'>securitatem</span> <span class='ocrx_word' id='word_1_610' title='bbox 1695 2126 1778 2155; x_wconf 76' lang='lat' dir='ltr'>milii</span> <span class='ocrx_word' id='word_1_611' title='bbox 1802 2126 1948 2155; x_wconf 80' lang='lat' dir='ltr'>fecerunt</span> <span class='ocrx_word' id='word_1_612' title='bbox 1966 2125 2013 2155; x_wconf 85' lang='lat' dir='ltr'>vel</span> <span class='ocrx_word' id='word_1_613' title='bbox 2031 2126 2183 2161; x_wconf 76' lang='lat' dir='ltr'>fecerint,</span> <span class='ocrx_word' id='word_1_614' title='bbox 2204 2127 2238 2156; x_wconf 88' lang='lat' dir='ltr'>id</span> 
     </span>
     <span class='ocr_line' id='line_1_118' title="bbox 1306 2178 2236 2215; baseline 0.002 -8"><span class='ocrx_word' id='word_1_615' title='bbox 1306 2183 1352 2208; x_wconf 86' lang='lat' dir='ltr'>est</span> <span class='ocrx_word' id='word_1_616' title='bbox 1381 2179 1493 2208; x_wconf 83' lang='lat' dir='ltr'>Petrus</span> <span class='ocrx_word' id='word_1_617' title='bbox 1522 2179 1639 2209; x_wconf 86' lang='lat' dir='ltr'>Leonis</span> <span class='ocrx_word' id='word_1_618' title='bbox 1670 2187 1744 2208; x_wconf 89' lang='lat' dir='ltr'>cum</span> <span class='ocrx_word' id='word_1_619' title='bbox 1776 2178 1852 2208; x_wconf 85' lang='lat' dir='ltr'>filiis</span> <span class='ocrx_word' id='word_1_620' title='bbox 1881 2180 1946 2208; x_wconf 87' lang='lat' dir='ltr'>suis</span> <span class='ocrx_word' id='word_1_621' title='bbox 1974 2182 2003 2209; x_wconf 85' lang='lat' dir='ltr'>et</span> <span class='ocrx_word' id='word_1_622' title='bbox 2032 2179 2236 2215; x_wconf 58' lang='lat' dir='ltr'>WValfredus,</span> 
     </span>
     <span class='ocr_line' id='line_1_119' title="bbox 1306 2231 2239 2271; baseline -0.001 -9"><span class='ocrx_word' id='word_1_623' title='bbox 1306 2241 1443 2271; x_wconf 81' lang='lat' dir='ltr'>quorum</span> <span class='ocrx_word' id='word_1_624' title='bbox 1463 2232 1545 2261; x_wconf 86' lang='lat' dir='ltr'>bona</span> <span class='ocrx_word' id='word_1_625' title='bbox 1561 2232 1739 2270; x_wconf 86' lang='lat' dir='ltr'>dampnum</span> <span class='ocrx_word' id='word_1_626' title='bbox 1756 2232 1897 2261; x_wconf 82' lang='lat' dir='ltr'>studiose</span> <span class='ocrx_word' id='word_1_627' title='bbox 1913 2240 1977 2262; x_wconf 92' lang='lat' dir='ltr'>non</span> <span class='ocrx_word' id='word_1_628' title='bbox 1997 2232 2169 2270; x_wconf 85' lang='lat' dir='ltr'>patientur,</span> <span class='ocrx_word' id='word_1_629' title='bbox 2188 2231 2239 2261; x_wconf 88' lang='lat' dir='ltr'>vel</span> 
     </span>
     <span class='ocr_line' id='line_1_120' title="bbox 1307 2284 2240 2324; baseline 0 -10"><span class='ocrx_word' id='word_1_630' title='bbox 1307 2285 1363 2314; x_wconf 85' lang='lat' dir='ltr'>alii</span> <span class='ocrx_word' id='word_1_631' title='bbox 1391 2294 1470 2323; x_wconf 86' lang='lat' dir='ltr'>qnos</span> <span class='ocrx_word' id='word_1_632' title='bbox 1495 2285 1634 2315; x_wconf 86' lang='lat' dir='ltr'>domnus</span> <span class='ocrx_word' id='word_1_633' title='bbox 1659 2294 1738 2324; x_wconf 85' lang='lat' dir='ltr'>papa</span> <span class='ocrx_word' id='word_1_634' title='bbox 1765 2284 1850 2314; x_wconf 86' lang='lat' dir='ltr'>mihi</span> <span class='ocrx_word' id='word_1_635' title='bbox 1877 2285 2119 2322; x_wconf 76' lang='lat' dir='ltr'>significaverit.</span> <span class='ocrx_word' id='word_1_636' title='bbox 2149 2285 2186 2314; x_wconf 88' lang='lat' dir='ltr'>Et</span> <span class='ocrx_word' id='word_1_637' title='bbox 2212 2285 2240 2315; x_wconf 90' lang='lat' dir='ltr'>si</span> 
     </span>
     <span class='ocr_line' id='line_1_121' title="bbox 1308 2337 2241 2376; baseline 0 -9"><span class='ocrx_word' id='word_1_638' title='bbox 1308 2339 1381 2376; x_wconf 86' lang='lat' dir='ltr'>quis</span> <span class='ocrx_word' id='word_1_639' title='bbox 1403 2339 1523 2368; x_wconf 80' lang='lat' dir='ltr'>domno</span> <span class='ocrx_word' id='word_1_640' title='bbox 1547 2347 1626 2376; x_wconf 84' lang='lat' dir='ltr'>pape</span> <span class='ocrx_word' id='word_1_641' title='bbox 1652 2337 1700 2367; x_wconf 83' lang='lat' dir='ltr'>vel</span> <span class='ocrx_word' id='word_1_642' title='bbox 1724 2338 1770 2367; x_wconf 87' lang='lat' dir='ltr'>eis</span> <span class='ocrx_word' id='word_1_643' title='bbox 1794 2338 1919 2373; x_wconf 74' lang='lat' dir='ltr'>fecerit,</span> <span class='ocrx_word' id='word_1_644' title='bbox 1943 2346 2000 2375; x_wconf 85' lang='lat' dir='ltr'>ego</span> <span class='ocrx_word' id='word_1_645' title='bbox 2025 2346 2078 2367; x_wconf 88' lang='lat' dir='ltr'>eos</span> <span class='ocrx_word' id='word_1_646' title='bbox 2102 2337 2241 2368; x_wconf 87' lang='lat' dir='ltr'>fideliter</span> 
     </span>
     <span class='ocr_line' id='line_1_122' title="bbox 1310 2391 2242 2430; baseline 0.001 -10"><span class='ocrx_word' id='word_1_647' title='bbox 1310 2391 1478 2430; x_wconf 79' lang='lat' dir='ltr'>adjuvabo.</span> <span class='ocrx_word' id='word_1_648' title='bbox 1493 2392 1626 2429; x_wconf 82' lang='lat' dir='ltr'>Legatos</span> <span class='ocrx_word' id='word_1_649' title='bbox 1639 2399 1719 2429; x_wconf 87' lang='lat' dir='ltr'>qnos</span> <span class='ocrx_word' id='word_1_650' title='bbox 1731 2391 1771 2420; x_wconf 87' lang='lat' dir='ltr'>ad</span> <span class='ocrx_word' id='word_1_651' title='bbox 1787 2400 1839 2420; x_wconf 87' lang='lat' dir='ltr'>me</span> <span class='ocrx_word' id='word_1_652' title='bbox 1852 2391 2006 2421; x_wconf 87' lang='lat' dir='ltr'>dominns</span> <span class='ocrx_word' id='word_1_653' title='bbox 2022 2399 2102 2429; x_wconf 89' lang='lat' dir='ltr'>papa</span> <span class='ocrx_word' id='word_1_654' title='bbox 2115 2391 2242 2421; x_wconf 84' lang='lat' dir='ltr'>miserit</span> 
     </span>
     <span class='ocr_line' id='line_1_123' title="bbox 1308 2443 2241 2474; baseline 0.001 -1"><span class='ocrx_word' id='word_1_655' title='bbox 1308 2445 1343 2473; x_wconf 91' lang='lat' dir='ltr'>in</span> <span class='ocrx_word' id='word_1_656' title='bbox 1371 2444 1478 2474; x_wconf 87' lang='lat' dir='ltr'>eundo</span> <span class='ocrx_word' id='word_1_657' title='bbox 1505 2449 1534 2474; x_wconf 85' lang='lat' dir='ltr'>et</span> <span class='ocrx_word' id='word_1_658' title='bbox 1559 2444 1724 2474; x_wconf 86' lang='lat' dir='ltr'>redeundo</span> <span class='ocrx_word' id='word_1_659' title='bbox 1754 2452 1883 2474; x_wconf 86' lang='lat' dir='ltr'>securos</span> <span class='ocrx_word' id='word_1_660' title='bbox 1912 2443 2025 2473; x_wconf 78' lang='lat' dir='ltr'>faciam</span> <span class='ocrx_word' id='word_1_661' title='bbox 2054 2448 2116 2473; x_wconf 85' lang='lat' dir='ltr'>tam</span> <span class='ocrx_word' id='word_1_662' title='bbox 2143 2453 2162 2473; x_wconf 89' lang='lat' dir='ltr'>a</span> <span class='ocrx_word' id='word_1_663' title='bbox 2189 2453 2241 2474; x_wconf 87' lang='lat' dir='ltr'>me</span> 
     </span>
     <span class='ocr_line' id='line_1_124' title="bbox 1310 2496 2240 2536; baseline 0.001 -10"><span class='ocrx_word' id='word_1_664' title='bbox 1310 2506 1406 2535; x_wconf 88' lang='lat' dir='ltr'>quam</span> <span class='ocrx_word' id='word_1_665' title='bbox 1424 2506 1441 2526; x_wconf 85' lang='lat' dir='ltr'>a</span> <span class='ocrx_word' id='word_1_666' title='bbox 1459 2497 1558 2534; x_wconf 79' lang='lat' dir='ltr'>1neis3</span> <span class='ocrx_word' id='word_1_667' title='bbox 1577 2501 1607 2527; x_wconf 81' lang='lat' dir='ltr'>et</span> <span class='ocrx_word' id='word_1_668' title='bbox 1622 2498 1648 2526; x_wconf 85' lang='lat' dir='ltr'>si</span> <span class='ocrx_word' id='word_1_669' title='bbox 1665 2497 1709 2526; x_wconf 87' lang='lat' dir='ltr'>eis</span> <span class='ocrx_word' id='word_1_670' title='bbox 1733 2497 1913 2527; x_wconf 83' lang='lat' dir='ltr'>nescienter</span> <span class='ocrx_word' id='word_1_671' title='bbox 1928 2497 2051 2536; x_wconf 86' lang='lat' dir='ltr'>injuria</span> <span class='ocrx_word' id='word_1_672' title='bbox 2071 2496 2160 2526; x_wconf 84' lang='lat' dir='ltr'>illata</span> <span class='ocrx_word' id='word_1_673' title='bbox 2177 2497 2240 2527; x_wconf 83' lang='lat' dir='ltr'>sue-</span> 
     </span>
     <span class='ocr_line' id='line_1_125' title="bbox 1311 2549 2240 2588; baseline 0.001 -9"><span class='ocrx_word' id='word_1_674' title='bbox 1311 2550 1370 2586; x_wconf 90' lang='lat' dir='ltr'>rit,</span> <span class='ocrx_word' id='word_1_675' title='bbox 1399 2550 1438 2580; x_wconf 86' lang='lat' dir='ltr'>ad</span> <span class='ocrx_word' id='word_1_676' title='bbox 1467 2550 1708 2580; x_wconf 83' lang='lat' dir='ltr'>emendandum</span> <span class='ocrx_word' id='word_1_677' title='bbox 1735 2549 1874 2579; x_wconf 86' lang='lat' dir='ltr'>fideliter</span> <span class='ocrx_word' id='word_1_678' title='bbox 1901 2550 2069 2588; x_wconf 82' lang='lat' dir='ltr'>adjuvabo.</span> <span class='ocrx_word' id='word_1_679' title='bbox 2101 2549 2153 2580; x_wconf 91' lang='lat' dir='ltr'>Sic</span> <span class='ocrx_word' id='word_1_680' title='bbox 2183 2549 2240 2580; x_wconf 93' lang='lat' dir='ltr'>ob-</span> 
     </span>
     <span class='ocr_line' id='line_1_126' title="bbox 1313 2602 2239 2642; baseline 0.001 -9"><span class='ocrx_word' id='word_1_681' title='bbox 1313 2604 1445 2634; x_wconf 79' lang='lat' dir='ltr'>servabo</span> <span class='ocrx_word' id='word_1_682' title='bbox 1467 2604 1585 2633; x_wconf 86' lang='lat' dir='ltr'>domno</span> <span class='ocrx_word' id='word_1_683' title='bbox 1603 2612 1682 2642; x_wconf 76' lang='lat' dir='ltr'>pape</span> <span class='ocrx_word' id='word_1_684' title='bbox 1705 2604 1775 2633; x_wconf 86' lang='lat' dir='ltr'>sine</span> <span class='ocrx_word' id='word_1_685' title='bbox 1799 2603 1912 2633; x_wconf 80' lang='lat' dir='ltr'>fraude</span> <span class='ocrx_word' id='word_1_686' title='bbox 1934 2607 1964 2633; x_wconf 87' lang='lat' dir='ltr'>et</span> <span class='ocrx_word' id='word_1_687' title='bbox 1987 2602 2073 2634; x_wconf 88' lang='lat' dir='ltr'>malo</span> <span class='ocrx_word' id='word_1_688' title='bbox 2095 2603 2239 2641; x_wconf 86' lang='lat' dir='ltr'>ingenio,</span> 
     </span>
     <span class='ocr_line' id='line_1_127' title="bbox 1313 2656 2241 2695; baseline -0.001 -9"><span class='ocrx_word' id='word_1_689' title='bbox 1313 2657 1338 2686; x_wconf 89' lang='lat' dir='ltr'>si</span> <span class='ocrx_word' id='word_1_690' title='bbox 1358 2657 1499 2687; x_wconf 88' lang='lat' dir='ltr'>domnus</span> <span class='ocrx_word' id='word_1_691' title='bbox 1516 2665 1597 2695; x_wconf 85' lang='lat' dir='ltr'>papa</span> <span class='ocrx_word' id='word_1_692' title='bbox 1612 2657 1759 2695; x_wconf 84' lang='lat' dir='ltr'>proximo</span> <span class='ocrx_word' id='word_1_693' title='bbox 1778 2656 1831 2686; x_wconf 88' lang='lat' dir='ltr'>die</span> <span class='ocrx_word' id='word_1_694' title='bbox 1849 2656 2010 2686; x_wconf 88' lang='lat' dir='ltr'>dominico</span> <span class='ocrx_word' id='word_1_695' title='bbox 2025 2657 2070 2686; x_wconf 88' lang='lat' dir='ltr'>sic</span> <span class='ocrx_word' id='word_1_696' title='bbox 2085 2656 2241 2695; x_wconf 87' lang='lat' dir='ltr'>adimple-</span> 
     </span>
     <span class='ocr_line' id='line_1_128' title="bbox 1312 2709 2240 2748; baseline 0.001 -9"><span class='ocrx_word' id='word_1_697' title='bbox 1312 2710 1392 2740; x_wconf 87' lang='lat' dir='ltr'>verit</span> <span class='ocrx_word' id='word_1_698' title='bbox 1405 2709 1488 2739; x_wconf 89' lang='lat' dir='ltr'>mihi</span> <span class='ocrx_word' id='word_1_699' title='bbox 1503 2710 1584 2740; x_wconf 85' lang='lat' dir='ltr'>sicut</span> <span class='ocrx_word' id='word_1_700' title='bbox 1599 2710 1632 2739; x_wconf 92' lang='lat' dir='ltr'>in</span> <span class='ocrx_word' id='word_1_701' title='bbox 1648 2709 1873 2739; x_wconf 86' lang='lat' dir='ltr'>conventionis</span> <span class='ocrx_word' id='word_1_702' title='bbox 1886 2713 1971 2739; x_wconf 89' lang='lat' dir='ltr'>carta</span> <span class='ocrx_word' id='word_1_703' title='bbox 1984 2709 2140 2748; x_wconf 72' lang='lat' dir='ltr'>scriptum</span> <span class='ocrx_word' id='word_1_704' title='bbox 2154 2713 2210 2740; x_wconf 87' lang='lat' dir='ltr'>est.</span> <span class='ocrx_word' id='word_1_705' title='bbox 2226 2721 2240 2736; x_wconf 83' lang='lat'>»</span> 
     </span>
    </p>
   </div>
   <div class='ocr_carea' id='block_1_62' title="bbox 1234 2853 2244 3064">
    <p class='ocr_par' dir='ltr' id='par_1_63' title="bbox 1266 2853 2074 2886">
     <span class='ocr_line' id='line_1_129' title="bbox 1266 2853 2074 2886; baseline -0.002 -6"><span class='ocrx_word' id='word_1_706' title='bbox 1266 2862 1270 2880; x_wconf 91' lang='grc' dir='ltr'>ι</span> <span class='ocrx_word' id='word_1_707' title='bbox 1289 2856 1375 2879; x_wconf 82' lang='lat' dir='ltr'>altero</span> <span class='ocrx_word' id='word_1_708' title='bbox 1392 2856 1416 2879; x_wconf 87' lang='lat' dir='ltr'><strong>A</strong></span> <span class='ocrx_word' id='word_1_709' title='bbox 1431 2868 1458 2872; x_wconf 90' lang='lat'>—</span> <span class='ocrx_word' id='word_1_710' title='bbox 1474 2860 1488 2880; x_wconf 84' lang='lat'><em>2</em></span> <span class='ocrx_word' id='word_1_711' title='bbox 1503 2862 1601 2886; x_wconf 85' lang='lat' dir='ltr'>papam</span> <span class='ocrx_word' id='word_1_712' title='bbox 1617 2856 1739 2883; x_wconf 88' lang='lat' dir='ltr'>&lt;n0n&gt;</span> <span class='ocrx_word' id='word_1_713' title='bbox 1755 2854 1778 2878; x_wconf 70' lang='lat' dir='ltr'><strong>A</strong></span> <span class='ocrx_word' id='word_1_714' title='bbox 1791 2867 1821 2871; x_wconf 89' lang='lat'>—</span> <span class='ocrx_word' id='word_1_715' title='bbox 1836 2859 1850 2879; x_wconf 76' lang='grc'><strong>6</strong></span> <span class='ocrx_word' id='word_1_716' title='bbox 1866 2853 2034 2884; x_wconf 82' lang='lat' dir='ltr'>Hugutionis</span> <span class='ocrx_word' id='word_1_717' title='bbox 2051 2855 2074 2878; x_wconf 85' lang='lat' dir='ltr'><strong>A</strong></span> 
     </span>
    </p>

    <p class='ocr_par' dir='ltr' id='par_1_64' title="bbox 1235 2897 2244 2973">
     <span class='ocr_line' id='line_1_130' title="bbox 1267 2897 2244 2927; baseline -0.002 -3"><span class='ocrx_word' id='word_1_718' title='bbox 1267 2906 1290 2925; x_wconf 88' lang='grc' dir='ltr'>ιο</span> <span class='ocrx_word' id='word_1_719' title='bbox 1308 2901 1359 2923; x_wconf 79' lang='lat' dir='ltr'>Tit.</span> <span class='ocrx_word' id='word_1_720' title='bbox 1378 2906 1462 2922; x_wconf 81' lang='lat' dir='ltr'>rescr.</span> <span class='ocrx_word' id='word_1_721' title='bbox 1481 2901 1511 2922; x_wconf 71' lang='grc' dir='ltr'>1η</span> <span class='ocrx_word' id='word_1_722' title='bbox 1527 2900 1559 2927; x_wconf 84' lang='lat' dir='ltr'>c,</span> <span class='ocrx_word' id='word_1_723' title='bbox 1582 2900 1611 2921; x_wconf 78' lang='lat' dir='ltr'>in</span> <span class='ocrx_word' id='word_1_724' title='bbox 1630 2901 1652 2921; x_wconf 81' lang='lat' dir='ltr'><strong><em>A</em></strong></span> <span class='ocrx_word' id='word_1_725' title='bbox 1674 2899 1712 2921; x_wconf 78' lang='lat' dir='ltr'>ita</span> <span class='ocrx_word' id='word_1_726' title='bbox 1731 2905 1741 2921; x_wconf 81' lang='grc'>.-</span> <span class='ocrx_word' id='word_1_727' title='bbox 1759 2903 1948 2922; x_wconf 63' lang='grc'>111111111111111111</span> <span class='ocrx_word' id='word_1_728' title='bbox 1971 2897 2056 2922; x_wconf 68' lang='lat' dir='ltr'>Pet-111</span> <span class='ocrx_word' id='word_1_729' title='bbox 2078 2897 2193 2922; x_wconf 73' lang='lat' dir='ltr'>Leoxts.</span> <span class='ocrx_word' id='word_1_730' title='bbox 2214 2910 2244 2915; x_wconf 89' lang='grc'>--</span> 
     </span>
     <span class='ocr_line' id='line_1_131' title="bbox 1235 2941 1740 2973; baseline -0.008 -4"><span class='ocrx_word' id='word_1_731' title='bbox 1235 2949 1260 2970; x_wconf 73' lang='grc'>14</span> <span class='ocrx_word' id='word_1_732' title='bbox 1276 2951 1355 2968; x_wconf 80' lang='lat' dir='ltr'>conv.</span> <span class='ocrx_word' id='word_1_733' title='bbox 1371 2948 1438 2968; x_wconf 87' lang='lat' dir='ltr'>cart.</span> <span class='ocrx_word' id='word_1_734' title='bbox 1455 2944 1478 2966; x_wconf 86' lang='lat' dir='ltr'>A</span> <span class='ocrx_word' id='word_1_735' title='bbox 1494 2956 1524 2960; x_wconf 97' lang='lat'><strong>—</strong></span> <span class='ocrx_word' id='word_1_736' title='bbox 1541 2949 1565 2968; x_wconf 83' lang='grc'>15</span> <span class='ocrx_word' id='word_1_737' title='bbox 1581 2942 1615 2973; x_wconf 76' lang='lat' dir='ltr'>si]</span> <span class='ocrx_word' id='word_1_738' title='bbox 1632 2943 1703 2966; x_wconf 86' lang='lat' dir='ltr'>sicut</span> <span class='ocrx_word' id='word_1_739' title='bbox 1719 2941 1740 2966; x_wconf 93' lang='lat' dir='ltr'>C</span> 
     </span>
    </p>

    <p class='ocr_par' dir='ltr' id='par_1_65' title="bbox 1234 2985 2243 3064">
     <span class='ocr_line' id='line_1_132' title="bbox 1265 2985 2243 3016; baseline -0.007 -1"><span class='ocrx_word' id='word_1_740' title='bbox 1265 2995 1288 3015; x_wconf 79' lang='lat'>21</span> <span class='ocrx_word' id='word_1_741' title='bbox 1305 2991 1372 3013; x_wconf 72' lang='lat' dir='ltr'>Titr.</span> <span class='ocrx_word' id='word_1_742' title='bbox 1387 2996 1470 3012; x_wconf 64' lang='lat' dir='ltr'>veser.</span> <span class='ocrx_word' id='word_1_743' title='bbox 1486 2990 1513 3011; x_wconf 79' lang='lat' dir='ltr'>in</span> <span class='ocrx_word' id='word_1_744' title='bbox 1527 2990 1554 3016; x_wconf 88' lang='lat' dir='ltr'>C,</span> <span class='ocrx_word' id='word_1_745' title='bbox 1568 2989 1596 3010; x_wconf 78' lang='lat' dir='ltr'>in</span> <span class='ocrx_word' id='word_1_746' title='bbox 1609 2989 1630 3010; x_wconf 74' lang='grc' dir='ltr'><em>Α</em></span> <span class='ocrx_word' id='word_1_747' title='bbox 1645 2988 1681 3010; x_wconf 76' lang='lat' dir='ltr'>ita</span> <span class='ocrx_word' id='word_1_748' title='bbox 1694 2991 1899 3010; x_wconf 67' lang='lat' dir='ltr'>:muman-run</span> <span class='ocrx_word' id='word_1_749' title='bbox 1912 2985 2032 3009; x_wconf 71' lang='lat' dir='ltr'>Hexatci</span> <span class='ocrx_word' id='word_1_750' title='bbox 2044 2990 2243 3009; x_wconf 70' lang='lat' dir='ltr'>inrsanoms.</span> 
     </span>
     <span class='ocr_line' id='line_1_133' title="bbox 1234 3031 1631 3064; baseline -0.018 -3"><span class='ocrx_word' id='word_1_751' title='bbox 1234 3048 1263 3052; x_wconf 90' lang='lat'>-</span> <span class='ocrx_word' id='word_1_752' title='bbox 1279 3040 1308 3060; x_wconf 81' lang='lat'>28</span> <span class='ocrx_word' id='word_1_753' title='bbox 1326 3033 1437 3064; x_wconf 80' lang='lat' dir='ltr'>Leonis]</span> <span class='ocrx_word' id='word_1_754' title='bbox 1451 3035 1502 3056; x_wconf 78' lang='lat' dir='ltr'>liic</span> <span class='ocrx_word' id='word_1_755' title='bbox 1517 3034 1592 3055; x_wconf 64' lang='lat' dir='ltr'>sistit</span> <span class='ocrx_word' id='word_1_756' title='bbox 1608 3031 1631 3054; x_wconf 70' lang='lat' dir='ltr'><strong>A</strong></span> 
     </span>
    </p>
   </div>
   <div class='ocr_carea' id='block_1_63' title="bbox 2245 0 2434 3530">
    <p class='ocr_par' dir='ltr' id='par_1_66' title="bbox 2245 0 2434 3530">
     <span class='ocr_line' id='line_1_134' title="bbox 2245 0 2434 3530; baseline 0 0"><span class='ocrx_word' id='word_1_757' title='bbox 2245 0 2434 3530; x_wconf 95' lang='lat' dir='ltr'> </span> 
     </span>
    </p>
   </div>
  </div>
 </body>
</html>
