2434 3530
107 920 129 937 tn

108 1446 132 1464 20

111 1974 121 1991 3
124 1976 135 1991 o

113 2502 138 2519 40

157 371 212 399 412

198 438 405 475 111-0101401001
427 440 460 463 111
483 443 543 463 11011
568 433 669 462 solum
693 431 834 461 sarcinas
851 429 905 458 sed
928 428 1043 457 multos
1064 426 1161 455 etiam

197 491 296 520 socios
318 490 350 517 in
376 488 521 525 hospitiis
546 485 761 523 reliquissent.
790 483 913 513 Dehinc
936 490 1035 520 usque
1053 480 1091 509 ad
1113 489 1161 518 pe-

197 544 267 571 dem
282 541 417 571 Soractis
431 539 682 577 progredientes,
700 539 788 575 juxta
801 537 882 566 beati
898 536 1025 565 Andrce
1037 542 1160 563 monas-

198 596 312 624 terium
331 593 456 622 Tiberis
476 593 603 621 alveum
631 591 825 620 transierunt
848 593 877 618 et
901 598 954 626 per
971 588 1106 617 Sabinos
1123 586 1162 615 ad

199 651 362 678 Lucanum
378 651 504 685 pontem
520 646 577 674 iter
589 649 730 680 agentes.
742 642 1064 672 ulterioresltomane
1075 639 1163 668 urbis

198 708 298 740 partes
320 700 437 737 agressi
460 702 545 727 suut.
568 697 793 726 Trahebantur
813 696 895 723 iuter
913 694 968 723 hec
985 693 1163 722 010101100-

197 764 267 784 rum
293 759 320 781 et
346 753 501 781 laicorum
526 750 676 780 nonnulli
702 749 832 778 funibus
857 747 990 783 alligati.
1016 745 1162 775 Pontifex

198 813 301 837 autem
328 815 400 835 cum
426 805 550 834 duobus
575 803 744 842 episcopis.
767 801 936 831 Sabinensi
961 799 1111 828 videlicet
1135 802 1165 827 et

199 859 384 889 portuensi.
404 863 432 887 et
454 856 673 886 cardinalibus
693 853 882 891 111113111111
905 852 1070 881 castellum
1088 851 1163 879 Tre-

198 915 321 946 bicum,
337 911 429 941 cem-i
447 919 519 939 vero
534 908 714 939 cardinales
728 907 808 945 apud
825 904 1028 936 Corcodilum
1046 904 1078 932 in
1096 912 1165 932 cns-

201 967 283 997 todia
303 964 539 994 detinebantur,
561 963 670 999 ltaque
692 969 763 989 cum
783 965 811 988 et
832 967 924 995 agros
944 958 1164 986 Romanorum

199 1030 249 1050 rex
277 1018 393 1048 cotidie
418 1015 666 1054 depopularetur
691 1018 721 1043 et
745 1021 854 1042 eorum
881 1011 1007 1040 animos
1026 1009 1108 1039 dolis
1131 1016 1166 1038 ac

200 1072 334 1111 pecunia
352 1072 584 1109 pertemptaret,
606 1071 693 1096 tauta
711 1067 795 1095 Dens
818 1063 932 1103 populo
954 1062 1165 1092 constantiam

202 1125 311 1155 tribuit
335 1128 368 1152 ut
391 1121 488 1151 nichil
510 1129 582 1150 cum
600 1120 646 1149 eis
663 1118 780 1157 pacisci
798 1118 867 1146 sine
888 1126 959 1155 pace
979 1121 1007 1145 et
1023 1114 1166 1144 cardina-

199 1179 280 1208 lium
298 1176 487 1206 liberatione
505 1173 655 1211 potuerit.

242 1230 385 1259 Diversis
401 1229 486 1257 iuter
503 1227 559 1256 hec
581 1225 726 1255 consiliis
749 1223 1001 1256 distrahebatur,
1019 1221 1072 1250 sed
1101 1229 1168 1258 per-

201 1283 310 1322 petrati
329 1281 458 1311 sceleris
473 1279 620 1309 conscius
638 1277 740 1307 nichil
758 1276 817 1305 sibi
833 1275 967 1305 ulterius
983 1278 1086 1303 tutum
1103 1273 1168 1302 tore

201 1337 283 1375 apud
302 1344 413 1373 papam
430 1333 654 1363 arbitrabatur.
669 1331 706 1359 In
723 1330 781 1359 hoc
801 1329 926 1358 tandem
943 1327 1036 1366 plena
1051 1326 1168 1356 delibe-

203 1390 325 1419 ratione
338 1386 485 1416 convenit
498 1389 654 1414 utonmes
670 1392 748 1421 quos
764 1385 890 1419 ceperat
906 1380 1024 1409 liberos
1042 1380 1166 1414 laceret,

203 1441 375 1471 dummodo
394 1438 595 1468 securitatem
614 1436 673 1465 sibi
692 1435 774 1473 apud
796 1443 908 1472 papam
929 1432 1028 1461 futuri
1049 1436 1168 1469 tempo-

203 1495 248 1524 ris
272 1493 460 1532 provideret.
488 1491 553 1519 Hoc
578 1489 714 1527 protecto
740 1497 793 1525 per
817 1486 976 1524 principes
1000 1494 1089 1519 suos,
1112 1484 1170 1513 hoc

203 1557 257 1585 per
279 1546 424 1579 clericos,
446 1545 505 1573 hoc
530 1552 582 1580 per
606 1542 718 1575 laicos,
740 1541 798 1569 hoc
822 1548 875 1577 per
898 1540 982 1568 cives
1008 1538 1170 1566 Romanos

203 1599 370 1629 sollicitius
396 1596 568 1633 satagebat.
602 1595 733 1623 (Ieterus
761 1593 890 1621 donnus
920 1590 1045 1619 t'acilius
1071 1590 1169 1618 vitam

203 1660 359 1690 exponere
383 1658 477 1688 quam
501 1647 699 1677 investituris
721 1646 957 1684 episcopatuum
981 1647 1010 1672 et
1027 1642 1170 1671 abbatia-

204 1714 273 1735 rum
294 1702 475 1733 consentire
491 1700 639 1734 malebat,
657 1698 805 1737 quamvis
822 1697 875 1726 ille
893 1706 946 1735 per
962 1695 1171 1725 investituras

204 1758 275 1786 illas
293 1765 355 1785 uon
373 1754 522 1783 ecclesias
540 1761 602 1782 non
621 1751 717 1781 offitia
734 1749 885 1788 quelibet,
901 1748 953 1777 sed
972 1748 1034 1777 sola
1053 1746 1171 1784 regalia

204 1820 236 1840 se
257 1810 331 1838 darc
348 1812 512 1837 assereret.
532 1804 797 1842 proponebantur
816 1802 954 1840 pontiflci
974 1801 1169 1838 captivorum

203 1863 408 1895 calamitates,
433 1860 489 1897 qui
513 1858 640 1887 amissis
664 1857 773 1886 liberis
791 1862 818 1884 et
838 1854 1006 1886 uxoribus,
1025 1853 1119 1882 domo
1142 1857 1173 1882 et

206 1916 304 1953 patria
320 1914 439 1947 exules,
458 1911 640 1940 durioribus
657 1908 863 1947 compedibus
879 1907 1084 1940 arcebantur3
1105 1914 1172 1943 pro-

207 1968 382 2006 ponebatur
399 1965 529 1994 ecclesie
547 1964 690 1992 [tomane
707 1961 870 1995 desolatio,
887 1969 948 1998 que
968 1968 1045 1998 pene
1061 1967 1172 1987 onmes

205 2019 384 2050 cardinales
407 2018 575 2050 autisetat3
603 2014 834 2054 proponebatur
851 2013 1076 2050 gravissimum
1096 2011 1172 2040 scis-

207 2073 301 2102 matis
329 2070 506 2110 periculum
531 2069 613 2106 quod
638 2076 717 2105 pene
742 2067 891 2095 universe
912 2065 1099 2094 Latinorum
1122 2072 1173 2093 ec-

207 2126 301 2155 clesie
331 2124 523 2153 immineret
555 2122 665 2150 Victus
693 2120 819 2148 tandem
848 2118 987 2147 miseriis
1015 2117 1172 2152 tiliorum,

206 2179 353 2208 laborans
372 2175 521 2213 gravibus
540 2173 686 2211 suspiriis
710 2176 804 2210 atque
829 2171 1003 2208 gemitibus
1025 2174 1053 2199 et
1073 2170 1104 2198 in
1128 2169 1173 2198 la-

206 2232 320 2260 crimas
345 2234 425 2258 101115
449 2228 567 2256 effusus
586 2235 592 2254 ι
613 2238 625 2252 u
652 2226 764 2262 Cogor,
783 2224 836 2258 ait,
860 2232 913 2261 pro
933 2222 1071 2252 Ecclesie
1094 2222 1172 2251 libe—

206 2283 327 2312 ratione
344 2291 378 2310 ac
401 2289 472 2318 pace
490 2280 546 2308 1100
563 2279 642 2317 pati,
661 2278 720 2306 1100
738 2277 919 2315 promittere
937 2275 1020 2313 quod
1039 2283 1092 2312 pro
1111 2275 1174 2303 rita

207 2345 277 2365 mea
297 2334 479 2363 nullatenus
498 2331 725 2361 consentirem.
745 2342 756 2354 11
777 2329 824 2358 Ad
842 2329 925 2357 hanc
947 2327 1031 2357 0111111
1056 2327 1173 2356 securi-

207 2393 301 2417 tatem
327 2384 580 2416 contirmandam
607 2382 746 2421 episcopi
768 2386 796 2410 et
819 2380 997 2410 cardinales
1018 2379 1074 2418 qui
1093 2379 1174 2417 capti

207 2441 332 2470 fuerant
355 2438 595 2476 expetebantur.
619 2436 685 2465 Nec
700 2435 835 2464 0111111110
855 2433 945 2462 aliter
966 2437 1018 2461 aut
1038 2432 1174 2470 captivo-

206 2503 277 2523 rum
300 2492 447 2522 dimissio
463 2496 517 2520 aut
539 2489 678 2519 Ecclesia
702 2497 758 2527 pax
777 2492 932 2526 [plantum
957 2487 987 2515 iu
1011 2486 1089 2524 ipsis
1108 2488 1174 2514 erat

207 2550 326 2584 poterat
356 2543 536 2582 provenire.
568 2542 648 2571 Cum
678 2542 786 2580 itaque
817 2548 923 2569 comes
954 2538 1105 2568 Albertus
1136 2538 1174 2567 de

209 2597 409 2627 Blanderada
425 2600 453 2626 et
468 2596 564 2625 ceteri
582 2595 665 2632 regis
685 2593 831 2623 laterales
851 2592 1044 2630 juramentis
1067 2590 1175 2620 condi-

208 2652 327 2680 tionem
355 2649 508 2687 prescribi
528 2657 591 2677 nou
615 2647 768 2681 sinerent,
787 2644 927 2684 pontifex
944 2644 988 2673 ait
1006 2656 1011 2672 ς
1033 2656 1045 2669 «ι
1065 2644 1174 2679 Quan-

208 2703 380 2742 doquidem
411 2701 629 2732 conditionem
660 2699 756 2729 scribi
789 2707 851 2728 non
882 2697 1039 2735 patimini,
1071 2696 1175 2725 verbis

208 2765 377 2795 apponam.
397 2767 410 2781 n
433 2755 523 2783 Tunc
549 2758 629 2783 totus
650 2752 687 2782 ad
710 2760 818 2789 regem
835 2758 948 2779 versus
964 2749 1043 2778 dixit
1063 2758 1068 2778 :
1089 2761 1101 2775 a
1120 2749 1175 2778 Ju-

205 2938 227 2957 13
244 2933 385 2963 pecuniam
399 2932 417 2956 C
431 2945 458 2948 —
472 2936 495 2956 41
513 2930 869 2961 011111]11101·0111“1,1,011111
888 2928 1174 2950 titulastinAneNrUi1

171 2982 359 3000 cARntxxmun
382 2982 433 2999 rien
452 2982 508 2999 1111.
526 2975 661 3004 —itaque
678 2981 732 2997 0111.
751 2974 773 2996 Α
790 2985 819 2989 ·-
834 2976 864 2996 43
884 2970 1089 2998 <rascatius-*2
1106 2977 1174 3000 pon-

171 3020 237 3043 tifex
252 3021 272 3042 A
289 3033 317 3035 —
333 3023 362 3043 45
379 3026 474 3042 versus
492 3019 522 3041 all
542 3025 631 3047 regem
647 3019 669 3041 A

704 366 752 394 LE
777 364 920 393 LIBER
944 359 1178 391 CENSUUM
1201 359 1255 388 DE
1279 349 1466 389 L'E‘GLISE
1490 360 1699 390 ROMAINE.

1284 430 1429 455 ramenta
1454 426 1512 455 hec
1535 426 1605 455 ideo
1629 426 1762 455 facimus
1785 430 1820 455 ut
1839 435 1894 456 vos
1915 425 1969 454 illa
1989 435 2051 464 que
2076 427 2157 464 pacti
2178 428 2252 457 estis

1284 477 1408 507 faciatis
1431 482 1461 507 et
1483 479 1672 508 observetis.
1694 491 1706 504 »
1725 478 1816 514 Quod
1839 488 1891 508 rex
1915 487 1988 508 cum
2008 479 2162 508 omnibus
2187 480 2253 510 suis

1283 529 1442 560 letissime
1458 540 1493 560 ac
1509 531 1723 561 libentissime
1738 531 1865 560 annuit.
1888 531 1932 560 Ex
1951 531 2047 561 verbo
2062 532 2161 569 igitur
2176 541 2253 571 pape

1285 583 1329 612 sic
1343 583 1382 612 ab
1397 583 1442 612 eis
1455 584 1599 622 juratum
1612 584 1704 613 estin
1720 592 1796 621 agro
1811 584 1899 622 juxta
1912 588 2040 622 pontem
2053 585 2252 615 Mamnieum

1286 636 1342 673 qui
1361 636 1521 666 Romanos
1538 647 1554 665 a
1571 637 1755 666 Teutonicis
1773 637 1945 666 dirimebat
1961 649 1966 666 z

1328 714 1341 728 α
1370 703 1514 732 Domnus
1533 712 1610 741 papa
1628 702 1794 733 paschalis
1813 711 1876 732 non
1893 703 2084 741 inquietabit
2098 704 2253 734 domnum

1287 763 1301 783 a
1328 764 1433 792 regem
1455 756 1630 785 Henricum
1653 765 1756 794 neque
1773 757 1842 795 ejus
1857 765 1992 794 regnum
2008 757 2047 786 de
2064 757 2256 787 investitura

1289 818 1302 833 »
1329 807 1565 846 episcopatuum
1584 813 1639 837 aut
1654 809 1865 845 abbatiarum,
1880 818 1983 847 neque
1999 809 2037 838 de
2054 809 2176 848 injuria
2193 810 2256 839 sibi

1291 872 1303 885 n
1328 859 1416 888 illata
1435 865 1464 889 et
1479 861 1545 889 suis
1562 861 1594 889 in
1615 869 1747 899 persona
1764 862 1909 897 01110015,
1927 871 2029 900 neque
2049 861 2170 891 malum
2188 871 2255 892 me-

1290 924 1303 938 »
1330 913 1426 941 ritum
1451 913 1559 942 reddet
1579 914 1638 942 sibi
1659 918 1713 943 aut
1729 904 1976 952 011001110150110
1995 923 2051 952 pro
2068 914 2127 944 hac
2143 923 2254 951 causa,

1290 977 1303 992 11
1330 969 1359 994 et
1383 966 1510 1004 penitus
1534 967 1564 995 111
1593 975 1760 1004 personam
1783 967 1866 1004 regis
1892 976 2058 1006 nunquam
2084 968 2257 998 anatliema

1291 1030 1303 1044 n
1330 1023 1435 1057 ponet.
1461 1020 1527 1049 Nec
1548 1020 1727 1049 remanebit
1743 1020 1776 1048 in
1797 1020 1914 1049 domno
1936 1029 2014 1059 papa
2030 1021 2109 1059 quin
2127 1025 2259 1051 coronet

1292 1084 1305 1098 »
1330 1080 1404 1101 eum
1420 1073 1549 1101 51011110
1568 1073 1682 1102 ordine
1699 1073 1892 1102 continetur.
1913 1073 1948 1102 Et
1961 1082 2095 1111 regnum
2114 1078 2144 1103 et
2158 1075 2259 1113 impe-

1293 1136 1305 1151 »
1331 1125 1416 1154 rium
1435 1125 1527 1154 offitii
1544 1126 1592 1154 sui
1608 1125 1726 1155 auxilio
1743 1134 1816 1155 eum
1836 1130 1942 1155 tenere
1956 1126 2038 1155 bona
2051 1126 2112 1156 fide
2128 1126 2259 1164 adjuva-

1293 1190 1306 1204 ›>
1332 1178 1388 1208 bit.
1410 1178 1448 1207 Et
1466 1179 1524 1208 hec
1539 1179 1647 1208 omnia
1668 1178 1856 1217 adimplebit
1878 1179 2016 1209 domnus
2039 1188 2119 1217 papa
2141 1180 2259 1210 domno

1293 1243 1306 1257 τ)
1331 1231 1399 1269 regi
1419 1232 1558 1270 presenti
1578 1232 1717 1261 Hem-ico
1735 1232 1804 1261 sine
1826 1232 1936 1261 fraude
1958 1237 1988 1261 et
2008 1232 2091 1262 malo
2114 1232 2257 1270 ingenio.

1293 1295 1307 1309 »
1333 1283 1383 1313 Sic
1400 1293 1461 1313 me.
1484 1296 1496 1310 ³)

1334 1349 1392 1379 Ille
1409 1350 1545 1380 invicem
1561 1351 1682 1387 juravit
1705 1351 1737 1379 in
1767 1351 1860 1381 verba
1883 1351 1940 1380 bec
1958 1360 1964 1380 ;
1985 1364 1996 1377 κ
2018 1351 2082 1389 Ego
2102 1351 2261 1380 Henricus

1297 1415 1308 1427 »
1334 1411 1385 1431 rex
1404 1412 1463 1432 nut¹
1480 1403 1528 1432 vet
1553 1410 1583 1431 rt·
1599 1403 1677 1432 teria
1695 1404 1840 1441 proxima
1857 1404 2017 1433 dimittam
2036 1404 2191 1434 domnum
2206 1413 2259 1442 pa-

1295 1467 1307 1481 »
1334 1464 1405 1493 pam
1436 1459 1465 1484 et
1486 1456 1646 1494 episcopos
1671 1460 1700 1485 et
1722 1456 1902 1485 cardinales
1927 1461 1957 1486 et
1981 1465 2093 1486 omnes
2120 1457 2260 1495 captivos

1296 1519 1308 1533 n
1334 1508 1388 1546 qui
1406 1517 1478 1537 cum
1495 1518 1530 1537 00
1546 1512 1575 1537 et
1595 1518 1648 1547 pro
1665 1518 1701 1538 00
1718 1510 1799 1547 capti
1817 1513 1904 1543 sunt,
1922 1513 1952 1538 et
1970 1509 2107 1546 obsides,
2125 1514 2261 1539 0150011-

1295 1572 1308 1586 »
1334 1569 1384 1589 105
1409 1561 1535 1598 perduci
1556 1561 1669 1589 faciam
1695 1561 1778 1590 iutra
1800 1565 1904 1599 portas
1923 1562 2164 1591 Transtiberiue
2182 1562 2262 1591 civi-

1296 1625 1309 1639 11
1336 1613 1406 1641 tatis
1431 1622 1487 1642 uec
1515 1613 1648 1642 ulterius
1671 1614 1794 1652 capiam
1819 1618 1873 1643 aut
1896 1615 1964 1652 capi
1991 1615 2186 1652 permittam.
2208 1615 2262 1644 Eis

1297 1677 1309 1692 n
1335 1666 1388 1704 (1111
1405 1666 1437 1694 in
1458 1666 1608 1695 fidelitate
1624 1667 1733 1696 domui
1753 1676 1830 1705 pape
1847 1667 2011 1696 Paschalis
2031 1673 2219 1706 permanent
2233 1672 2263 1697 et

1297 1730 1309 1744 »
1335 1719 1451 1756 populo
1470 1719 1614 1748 Romane
1639 1720 1776 1749 civitatis
1798 1725 1828 1749 et
1848 1720 2088 1749 Transtiberiue
2105 1725 2134 1750 et
2152 1720 2262 1750 Insule

1298 1783 1310 1797 >a
1336 1780 1443 1809 pacem
1467 1776 1497 1800 et
1521 1772 1724 1801 securitatem
1751 1773 1901 1807 servabo,
1931 1777 1992 1802 tam
2017 1783 2071 1811 per
2092 1782 2142 1802 me
2165 1782 2262 1811 quam

1297 1836 1310 1850 ›>
1337 1833 1390 1862 per
1418 1834 1504 1854 meos
1530 1830 1559 1853 et
1586 1827 1616 1854 in
1648 1826 1792 1863 personis
1819 1829 1848 1855 et
1874 1826 1908 1855 111
1936 1827 2046 1862 rebus,
2072 1828 2126 1865 qui
2153 1836 2261 1865 pacem

1298 1889 1310 1903 n
1337 1877 1418 1906 mibi
1435 1879 1641 1907 servaverint.
1664 1879 1825 1908 Domuum
1846 1888 1958 1917 papam
1977 1879 2163 1909 Paschalem
2183 1880 2262 1909 side-

1300 1942 1310 1955 11
1337 1929 1411 1959 liter
1426 1930 1585 1967 adjuvabo
1608 1936 1640 1959 ut
1663 1936 1809 1969 papatum
1830 1932 1937 1969 quiete
1959 1936 1989 1961 et
2011 1941 2120 1961 secure
2146 1936 2260 1962 teneat.

1299 1995 1311 2008 11
1338 1983 1538 2012 Patrimonia
1566 1989 1595 2012 et
1625 1984 1835 2021 possessiones
1868 1985 2011 2014 Romane
2042 1985 2174 2014 ecclesie
2201 1994 2263 2024 que

1300 2048 1312 2061 1)
1338 2035 1454 2065 abstuti
1486 2037 1662 2065 restituam.
1696 2037 1808 2066 Cetera
1835 2046 1897 2075 que
1923 2038 1990 2074 jure
2016 2038 2133 2068 habere
2159 2039 2261 2074 debet,

1300 2100 1312 2113 »
1338 2097 1426 2117 more
1452 2093 1687 2118 antecessorum
1717 2097 1860 2118 meorum
1890 2098 2075 2128 recuperare
2101 2096 2131 2120 et
2157 2096 2264 2121 tenere

1300 2154 1312 2167 1)
1337 2141 1495 2179 adjuvabo
1516 2142 1598 2171 bona
1620 2142 1691 2171 tide.
1719 2143 1754 2171 Et
1777 2142 1894 2172 domno
1917 2152 1994 2181 pape
2022 2143 2167 2173 i'aschali
2189 2144 2265 2173 obe-

1300 2206 1312 2220 11
1338 2195 1436 2227 diam,
1456 2194 1542 2224 salvo
1559 2194 1680 2224 11011010
1695 2195 1785 2231 regni
1803 2200 1832 2224 et
1850 2196 1996 2233 imperii,
2016 2196 2099 2225 sicut
2114 2195 2264 2226 catholici

1300 2259 1313 2273 11
1339 2248 1545 2285 imperatores
1573 2247 1740 2276 catholicis
1768 2248 1972 2285 pontificibus
2002 2249 2167 2278 Romanis.
2197 2249 2264 2278 Hec

1299 2312 1312 2325 π»
1337 2300 1445 2329 onmia
1462 2300 1636 2329 observabo
1653 2301 1734 2329 bona
1752 2301 1824 2336 side,
1846 2301 1916 2330 sine
1934 2301 2043 2331 [raude
2062 2306 2092 2331 et
2110 2301 2193 2331 malo
2211 2303 2263 2331 in-

1300 2365 1312 2378 »
1337 2352 1444 2390 genio.
1463 2352 1514 2382 Sic
1531 2361 1580 2381 me
1598 2353 1695 2382 Deus.
1716 2366 1729 2378 v>

1338 2419 1412 2448 Post
1449 2419 1506 2448 hec
1538 2419 1745 2449 Coloniensis
1777 2420 2034 2459 archiepiscopus
2068 2421 2261 2458 Fridericus‚

1298 2472 1511 2502 Tridentinus
1541 2472 1746 2507 Gebendus,
1775 2473 2040 2504 Monasteriensis
2072 2474 2263 2511 Brucardus,

1301 2524 1408 2553 Bruno
1427 2524 1607 2562 Spirensis,
1633 2525 1782 2555 Albertus
1804 2526 2030 2563 cancellarius,
2055 2535 2161 2557 comes
2184 2528 2264 2557 Her-

1299 2586 1450 2614 mannus,
1469 2578 1648 2607 Fridericus
1667 2578 1829 2617 palatinus
1845 2588 1963 2616 comes,
1985 2579 2136 2610 Albertus
2158 2589 2265 2611 comes

1298 2630 1336 2660 de
1360 2630 1578 2666 Blandarada,
1599 2631 1784 2661 Fridoricus
1800 2633 1898 2668 Saxo,
1919 2632 2128 2670 Beringarius
2144 2642 2264 2671 eomes,

1299 2683 1481 2713 Fridericus
1498 2692 1603 2713 comes
1620 2684 1854 2722 Frisingensis,
1875 2685 2056 2715 Bonifatius
2075 2685 2218 2715 marchio
2235 2689 2265 2715 et

1298 2736 1498 2766 Guarnerius
1510 2745 1627 2773 comes,
1645 2737 1838 2767 Godefridus
1853 2737 1892 2767 de
1909 2738 2036 2774 Suevia,
2055 2738 2154 2776 posita
2171 2747 2265 2777 super

1289 2932 1302 2952 2
1319 2927 1376 2950 suis
1392 2935 1464 2950 omn.
1478 2927 1499 2950 Α
1514 2941 1541 2944 -
1557 2933 1569 2952 3
1586 2935 1654 2958 papo
1667 2927 1806 2951 paschalis
1822 2929 1861 2952 sic
1878 2937 1893 2952 a
1909 2929 2095 2953 cardinalibus
2112 2930 2230 2953 iuratum
2243 2930 2265 2953 Α

1259 2983 1287 2987 -
1300 2976 1312 2995 7
1328 2978 1418 3001 regem
1434 2974 1655 3001 <presentem>
1669 2972 1690 2994 Α
1703 2975 1769 2997 -10
1781 2973 1837 3002 aut]
1854 2979 1943 3003 nequo
1955 2974 1976 2997 A
1990 2986 2016 2990 -·
2030 2979 2052 2998 17
2063 2981 2104 2997 me
2115 2976 2232 3001 <etc.>
2243 2973 2265 2997 A

1259 3028 1286 3031 —
1306 3020 1328 3039 18
1345 3015 1456 3045 iurarit]
1474 3016 1525 3038 llic
1542 3022 1644 3038 rursus
1661 3017 1734 3039 sistit
1752 3017 1773 3040 Α

2312 922 2336 941 10

2315 1186 2339 1206 15

2315 1462 2340 1482 20

2318 1992 2343 2012 30

2319 2255 2344 2274 ³5

2319 2531 2346 2551 40
