<?xml version="1.0" encoding="UTF-8"?>
<!DOCTYPE html PUBLIC "-//W3C//DTD XHTML 1.0 Transitional//EN"
    "http://www.w3.org/TR/xhtml1/DTD/xhtml1-transitional.dtd">
<html xmlns="http://www.w3.org/1999/xhtml" xml:lang="en" lang="en">
 <head>
  <title>
</title>
<meta http-equiv="Content-Type" content="text/html;charset=utf-8" />
  <meta name='ocr-system' content='tesseract 3.04.00' />
  <meta name='ocr-capabilities' content='ocr_page ocr_carea ocr_par ocr_line ocrx_word'/>
</head>
<body>
  <div class='ocr_page' id='page_1' title='image "./lelibercensuumde03fabruoft_0053.png"; bbox 0 0 2434 3530; ppageno 0'>
   <div class='ocr_carea' id='block_1_1' title="bbox 640 330 2187 374">
    <p class='ocr_par' dir='ltr' id='par_1_1' title="bbox 640 330 2187 374">
     <span class='ocr_line' id='line_1_1' title="bbox 640 330 2187 374; baseline 0.005 -7"><span class='ocrx_word' id='word_1_1' title='bbox 640 338 689 367; x_wconf 85' lang='lat' dir='ltr'>LE</span> <span class='ocrx_word' id='word_1_2' title='bbox 714 337 858 368; x_wconf 87' lang='lat' dir='ltr'>LIBER</span> <span class='ocrx_word' id='word_1_3' title='bbox 881 337 1115 367; x_wconf 81' lang='lat' dir='ltr'>CENSUUM</span> <span class='ocrx_word' id='word_1_4' title='bbox 1139 338 1192 366; x_wconf 85' lang='lat' dir='ltr'>DE</span> <span class='ocrx_word' id='word_1_5' title='bbox 1217 330 1402 368; x_wconf 72' lang='lat' dir='ltr'>L&#39;EGLISE</span> <span class='ocrx_word' id='word_1_6' title='bbox 1426 340 1634 370; x_wconf 67' lang='lat' dir='ltr'>ROMAINE.</span> <span class='ocrx_word' id='word_1_7' title='bbox 2127 343 2187 374; x_wconf 81' lang='lat'>335</span> 
     </span>
    </p>
   </div>
   <div class='ocr_carea' id='block_1_2' title="bbox 131 402 1100 705">
    <p class='ocr_par' dir='ltr' id='par_1_2' title="bbox 131 402 1100 705">
     <span class='ocr_line' id='line_1_2' title="bbox 132 402 1099 442; baseline 0.002 -12"><span class='ocrx_word' id='word_1_8' title='bbox 132 406 198 431; x_wconf 86' lang='lat' dir='ltr'>tum</span> <span class='ocrx_word' id='word_1_9' title='bbox 219 406 251 431; x_wconf 89' lang='lat' dir='ltr'>nt</span> <span class='ocrx_word' id='word_1_10' title='bbox 267 402 392 432; x_wconf 88' lang='lat' dir='ltr'>diaconi</span> <span class='ocrx_word' id='word_1_11' title='bbox 412 402 481 432; x_wconf 88' lang='lat' dir='ltr'>leva</span> <span class='ocrx_word' id='word_1_12' title='bbox 502 407 580 432; x_wconf 85' lang='lat' dir='ltr'>tecta</span> <span class='ocrx_word' id='word_1_13' title='bbox 596 402 752 433; x_wconf 84' lang='lat' dir='ltr'>haberent</span> <span class='ocrx_word' id='word_1_14' title='bbox 774 404 812 433; x_wconf 90' lang='lat' dir='ltr'>de</span> <span class='ocrx_word' id='word_1_15' title='bbox 833 403 944 442; x_wconf 88' lang='lat' dir='ltr'>palleis</span> <span class='ocrx_word' id='word_1_16' title='bbox 966 403 1099 432; x_wconf 87' lang='lat' dir='ltr'>linoste-</span> 
     </span>
     <span class='ocr_line' id='line_1_3' title="bbox 132 455 1100 494; baseline 0.001 -11"><span class='ocrx_word' id='word_1_17' title='bbox 132 455 194 484; x_wconf 89' lang='lat' dir='ltr'>mis</span> <span class='ocrx_word' id='word_1_18' title='bbox 220 458 248 484; x_wconf 89' lang='lat' dir='ltr'>et</span> <span class='ocrx_word' id='word_1_19' title='bbox 270 463 324 492; x_wconf 91' lang='lat' dir='ltr'>per</span> <span class='ocrx_word' id='word_1_20' title='bbox 344 455 533 494; x_wconf 83' lang='lat' dir='ltr'>par[ochias]</span> <span class='ocrx_word' id='word_1_21' title='bbox 551 456 707 485; x_wconf 75' lang='lat' dir='ltr'>concessit</span> <span class='ocrx_word' id='word_1_22' title='bbox 723 456 873 494; x_wconf 72' lang='lat' dir='ltr'>cei-[eum]</span> <span class='ocrx_word' id='word_1_23' title='bbox 894 456 1052 492; x_wconf 77' lang='lat' dir='ltr'>benedici,</span> <span class='ocrx_word' id='word_1_24' title='bbox 1069 460 1100 485; x_wconf 91' lang='lat' dir='ltr'>et</span> 
     </span>
     <span class='ocr_line' id='line_1_4' title="bbox 132 507 1098 547; baseline 0.002 -11"><span class='ocrx_word' id='word_1_25' title='bbox 132 507 272 546; x_wconf 75' lang='lat' dir='ltr'>precepit</span> <span class='ocrx_word' id='word_1_26' title='bbox 289 511 322 537; x_wconf 91' lang='lat' dir='ltr'>ut</span> <span class='ocrx_word' id='word_1_27' title='bbox 345 508 455 537; x_wconf 90' lang='lat' dir='ltr'>nullus</span> <span class='ocrx_word' id='word_1_28' title='bbox 476 508 612 538; x_wconf 88' lang='lat' dir='ltr'>clericus</span> <span class='ocrx_word' id='word_1_29' title='bbox 638 509 670 537; x_wconf 91' lang='lat' dir='ltr'>in</span> <span class='ocrx_word' id='word_1_30' title='bbox 695 508 817 547; x_wconf 87' lang='lat' dir='ltr'>poculis</span> <span class='ocrx_word' id='word_1_31' title='bbox 839 509 972 547; x_wconf 86' lang='lat' dir='ltr'>publicis</span> <span class='ocrx_word' id='word_1_32' title='bbox 991 509 1098 547; x_wconf 89' lang='lat' dir='ltr'>propi-</span> 
     </span>
     <span class='ocr_line' id='line_1_5' title="bbox 133 561 1098 591; baseline 0.002 -3"><span class='ocrx_word' id='word_1_33' title='bbox 133 565 223 590; x_wconf 80' lang='lat' dir='ltr'>naret</span> <span class='ocrx_word' id='word_1_34' title='bbox 240 561 300 590; x_wconf 90' lang='lat' dir='ltr'>nisi</span> <span class='ocrx_word' id='word_1_35' title='bbox 318 565 441 590; x_wconf 83' lang='lat' dir='ltr'>tantum</span> <span class='ocrx_word' id='word_1_36' title='bbox 457 561 535 591; x_wconf 82' lang='lat' dir='ltr'>celle</span> <span class='ocrx_word' id='word_1_37' title='bbox 551 561 653 591; x_wconf 86' lang='lat' dir='ltr'>fidelis</span> <span class='ocrx_word' id='word_1_38' title='bbox 667 561 806 590; x_wconf 79' lang='lat' dir='ltr'>maxime</span> <span class='ocrx_word' id='word_1_39' title='bbox 822 561 1024 591; x_wconf 88' lang='lat' dir='ltr'>clericorum.</span> <span class='ocrx_word' id='word_1_40' title='bbox 1041 562 1098 591; x_wconf 92' lang='lat' dir='ltr'>llic</span> 
     </span>
     <span class='ocr_line' id='line_1_6' title="bbox 131 613 1096 651; baseline 0 -9"><span class='ocrx_word' id='word_1_41' title='bbox 131 613 205 642; x_wconf 76' lang='lat' dir='ltr'>fecit</span> <span class='ocrx_word' id='word_1_42' title='bbox 233 613 469 643; x_wconf 72' lang='lat' dir='ltr'>ordinationem</span> <span class='ocrx_word' id='word_1_43' title='bbox 492 615 525 642; x_wconf 92' lang='lat' dir='ltr'>in</span> <span class='ocrx_word' id='word_1_44' title='bbox 558 614 636 643; x_wconf 88' lang='lat' dir='ltr'>urbe</span> <span class='ocrx_word' id='word_1_45' title='bbox 663 614 763 643; x_wconf 73' lang='lat' dir='ltr'>Roma</span> <span class='ocrx_word' id='word_1_46' title='bbox 789 623 815 649; x_wconf 87' lang='lat'>1,</span> <span class='ocrx_word' id='word_1_47' title='bbox 838 614 1039 651; x_wconf 87' lang='lat' dir='ltr'>presbyteros</span> <span class='ocrx_word' id='word_1_48' title='bbox 1061 623 1096 650; x_wconf 81' lang='lat' dir='ltr'>x,</span> 
     </span>
     <span class='ocr_line' id='line_1_7' title="bbox 132 666 1096 705; baseline 0.001 -10"><span class='ocrx_word' id='word_1_49' title='bbox 132 667 282 696; x_wconf 86' lang='lat' dir='ltr'>diaconos</span> <span class='ocrx_word' id='word_1_50' title='bbox 306 677 352 703; x_wconf 81' lang='grc' dir='ltr'>ιιι,</span> <span class='ocrx_word' id='word_1_51' title='bbox 376 667 538 705; x_wconf 88' lang='lat' dir='ltr'>episcopos</span> <span class='ocrx_word' id='word_1_52' title='bbox 560 676 615 705; x_wconf 88' lang='lat' dir='ltr'>per</span> <span class='ocrx_word' id='word_1_53' title='bbox 638 667 764 696; x_wconf 87' lang='lat' dir='ltr'>diversa</span> <span class='ocrx_word' id='word_1_54' title='bbox 783 666 851 696; x_wconf 88' lang='lat' dir='ltr'>loca</span> <span class='ocrx_word' id='word_1_55' title='bbox 869 676 1004 697; x_wconf 77' lang='lat' dir='ltr'>nurnero</span> <span class='ocrx_word' id='word_1_56' title='bbox 1028 677 1096 697; x_wconf 85' lang='grc' dir='ltr'>νιιι.</span> 
     </span>
    </p>
   </div>
   <div class='ocr_carea' id='block_1_3' title="bbox 131 720 1116 758">
    <p class='ocr_par' dir='ltr' id='par_1_3' title="bbox 131 720 1116 758">
     <span class='ocr_line' id='line_1_8' title="bbox 131 720 1116 758; baseline 0.002 -10"><span class='ocrx_word' id='word_1_57' title='bbox 131 720 193 755; x_wconf 82' lang='lat' dir='ltr'>Qui</span> <span class='ocrx_word' id='word_1_58' title='bbox 211 720 306 749; x_wconf 87' lang='lat' dir='ltr'>etiam</span> <span class='ocrx_word' id='word_1_59' title='bbox 327 720 410 749; x_wconf 89' lang='lat' dir='ltr'>obiit</span> <span class='ocrx_word' id='word_1_60' title='bbox 428 730 485 749; x_wconf 87' lang='grc' dir='ltr'>νιιι</span> <span class='ocrx_word' id='word_1_61' title='bbox 508 720 552 749; x_wconf 87' lang='lat' dir='ltr'>kl.</span> <span class='ocrx_word' id='word_1_62' title='bbox 571 720 712 758; x_wconf 86' lang='lat' dir='ltr'>januarii</span> <span class='ocrx_word' id='word_1_63' title='bbox 729 724 759 749; x_wconf 90' lang='lat' dir='ltr'>et</span> <span class='ocrx_word' id='word_1_64' title='bbox 776 720 918 758; x_wconf 87' lang='lat' dir='ltr'>sepultus</span> <span class='ocrx_word' id='word_1_65' title='bbox 934 721 1029 750; x_wconf 89' lang='lat' dir='ltr'>estin</span> <span class='ocrx_word' id='word_1_66' title='bbox 1049 721 1116 753; x_wconf 75' lang='lat' dir='ltr'>via,</span> 
     </span>
    </p>
   </div>
   <div class='ocr_carea' id='block_1_4' title="bbox 130 772 1104 2819">
    <p class='ocr_par' dir='ltr' id='par_1_4' title="bbox 130 772 1007 811">
     <span class='ocr_line' id='line_1_9' title="bbox 130 772 1007 811; baseline -0.001 -9"><span class='ocrx_word' id='word_1_67' title='bbox 130 772 312 810; x_wconf 84' lang='lat' dir='ltr'>Tyburtina</span> <span class='ocrx_word' id='word_1_68' title='bbox 325 773 415 811; x_wconf 88' lang='lat' dir='ltr'>juxta</span> <span class='ocrx_word' id='word_1_69' title='bbox 431 781 544 810; x_wconf 87' lang='lat' dir='ltr'>corpus</span> <span class='ocrx_word' id='word_1_70' title='bbox 565 772 647 802; x_wconf 90' lang='lat' dir='ltr'>beati</span> <span class='ocrx_word' id='word_1_71' title='bbox 665 772 826 801; x_wconf 86' lang='lat' dir='ltr'>Laurentii</span> <span class='ocrx_word' id='word_1_72' title='bbox 846 774 1007 811; x_wconf 74' lang='lat' dir='ltr'>martyris.</span> 
     </span>
    </p>

    <p class='ocr_par' dir='ltr' id='par_1_5' title="bbox 132 824 1099 1129">
     <span class='ocr_line' id='line_1_10' title="bbox 175 824 1098 855; baseline 0.002 -2"><span class='ocrx_word' id='word_1_73' title='bbox 175 824 353 854; x_wconf 80' lang='lat' dir='ltr'>Bonifatius</span> <span class='ocrx_word' id='word_1_74' title='bbox 379 825 545 854; x_wconf 74' lang='lat' dir='ltr'>interdixit</span> <span class='ocrx_word' id='word_1_75' title='bbox 571 824 789 854; x_wconf 80' lang='lat' dir='ltr'>monachabus</span> <span class='ocrx_word' id='word_1_76' title='bbox 816 834 856 854; x_wconf 86' lang='lat' dir='ltr'>ne</span> <span class='ocrx_word' id='word_1_77' title='bbox 879 829 1000 854; x_wconf 85' lang='lat' dir='ltr'>sacrata</span> <span class='ocrx_word' id='word_1_78' title='bbox 1025 835 1098 855; x_wconf 80' lang='lat' dir='ltr'>vasa</span> 
     </span>
     <span class='ocr_line' id='line_1_11' title="bbox 132 877 1096 915; baseline 0.002 -9"><span class='ocrx_word' id='word_1_79' title='bbox 132 877 180 906; x_wconf 86' lang='lat' dir='ltr'>vel</span> <span class='ocrx_word' id='word_1_80' title='bbox 194 877 292 915; x_wconf 87' lang='lat' dir='ltr'>pallas</span> <span class='ocrx_word' id='word_1_81' title='bbox 309 877 419 907; x_wconf 88' lang='lat' dir='ltr'>altaris</span> <span class='ocrx_word' id='word_1_82' title='bbox 433 878 669 915; x_wconf 78' lang='lat' dir='ltr'>contingerent.</span> <span class='ocrx_word' id='word_1_83' title='bbox 685 878 744 907; x_wconf 90' lang='lat' dir='ltr'>Hic</span> <span class='ocrx_word' id='word_1_84' title='bbox 760 878 829 908; x_wconf 81' lang='lat' dir='ltr'>fecit</span> <span class='ocrx_word' id='word_1_85' title='bbox 842 879 1096 909; x_wconf 84' lang='lat' dir='ltr'>ordinationemi</span> 
     </span>
     <span class='ocr_line' id='line_1_12' title="bbox 132 930 1095 970; baseline 0.002 -11"><span class='ocrx_word' id='word_1_86' title='bbox 132 939 186 968; x_wconf 88' lang='lat' dir='ltr'>per</span> <span class='ocrx_word' id='word_1_87' title='bbox 200 939 343 960; x_wconf 87' lang='lat' dir='ltr'>mensem</span> <span class='ocrx_word' id='word_1_88' title='bbox 358 930 550 967; x_wconf 79' lang='lat' dir='ltr'>decembris,</span> <span class='ocrx_word' id='word_1_89' title='bbox 568 931 770 970; x_wconf 70' lang='lat' dir='ltr'>presbyteros</span> <span class='ocrx_word' id='word_1_90' title='bbox 787 940 864 967; x_wconf 83' lang='lat' dir='ltr'>xnn,</span> <span class='ocrx_word' id='word_1_91' title='bbox 882 931 1034 961; x_wconf 79' lang='lat' dir='ltr'>diaconos</span> <span class='ocrx_word' id='word_1_92' title='bbox 1051 942 1095 967; x_wconf 84' lang='lat'>111,</span> 
     </span>
     <span class='ocr_line' id='line_1_13' title="bbox 133 983 1097 1022; baseline 0.001 -9"><span class='ocrx_word' id='word_1_93' title='bbox 133 984 294 1022; x_wconf 86' lang='lat' dir='ltr'>episcopos</span> <span class='ocrx_word' id='word_1_94' title='bbox 319 992 374 1022; x_wconf 89' lang='lat' dir='ltr'>per</span> <span class='ocrx_word' id='word_1_95' title='bbox 398 983 524 1013; x_wconf 86' lang='lat' dir='ltr'>diversa</span> <span class='ocrx_word' id='word_1_96' title='bbox 548 984 615 1014; x_wconf 80' lang='lat' dir='ltr'>loca</span> <span class='ocrx_word' id='word_1_97' title='bbox 637 993 770 1014; x_wconf 89' lang='lat' dir='ltr'>numero</span> <span class='ocrx_word' id='word_1_98' title='bbox 792 994 897 1014; x_wconf 84' lang='lat' dir='ltr'>xxxv1.</span> <span class='ocrx_word' id='word_1_99' title='bbox 920 985 1006 1014; x_wconf 83' lang='lat' dir='ltr'>Obiit</span> <span class='ocrx_word' id='word_1_100' title='bbox 1029 995 1097 1014; x_wconf 83' lang='lat' dir='ltr'>vnn</span> 
     </span>
     <span class='ocr_line' id='line_1_14' title="bbox 134 1035 1099 1076; baseline 0.002 -11"><span class='ocrx_word' id='word_1_101' title='bbox 134 1035 178 1065; x_wconf 82' lang='lat' dir='ltr'>kl.</span> <span class='ocrx_word' id='word_1_102' title='bbox 192 1037 376 1066; x_wconf 83' lang='lat' dir='ltr'>novembris</span> <span class='ocrx_word' id='word_1_103' title='bbox 391 1041 420 1066; x_wconf 92' lang='lat' dir='ltr'>et</span> <span class='ocrx_word' id='word_1_104' title='bbox 435 1037 577 1075; x_wconf 88' lang='lat' dir='ltr'>sepultus</span> <span class='ocrx_word' id='word_1_105' title='bbox 589 1038 678 1067; x_wconf 87' lang='lat' dir='ltr'>estin</span> <span class='ocrx_word' id='word_1_106' title='bbox 692 1037 743 1066; x_wconf 91' lang='lat' dir='ltr'>via</span> <span class='ocrx_word' id='word_1_107' title='bbox 756 1037 976 1076; x_wconf 85' lang='lat' dir='ltr'>Salariajuxta</span> <span class='ocrx_word' id='word_1_108' title='bbox 986 1047 1099 1076; x_wconf 87' lang='lat' dir='ltr'>corpus</span> 
     </span>
     <span class='ocr_line' id='line_1_15' title="bbox 133 1089 545 1129; baseline 0.002 -11"><span class='ocrx_word' id='word_1_109' title='bbox 133 1090 233 1118; x_wconf 88' lang='lat' dir='ltr'>sancti</span> <span class='ocrx_word' id='word_1_110' title='bbox 251 1089 365 1119; x_wconf 84' lang='lat' dir='ltr'>Felicis</span> <span class='ocrx_word' id='word_1_111' title='bbox 381 1091 545 1129; x_wconf 69' lang='lat' dir='ltr'>martyris.</span> 
     </span>
    </p>

    <p class='ocr_par' dir='ltr' id='par_1_6' title="bbox 131 1142 1100 1396">
     <span class='ocr_line' id='line_1_16' title="bbox 171 1142 1100 1182; baseline 0.001 -10"><span class='ocrx_word' id='word_1_112' title='bbox 171 1142 346 1172; x_wconf 84' lang='lat' dir='ltr'>Celestini¹</span> <span class='ocrx_word' id='word_1_113' title='bbox 361 1147 500 1182; x_wconf 88' lang='lat' dir='ltr'>tempore</span> <span class='ocrx_word' id='word_1_114' title='bbox 514 1143 652 1173; x_wconf 76' lang='lat' dir='ltr'>Effcsina</span> <span class='ocrx_word' id='word_1_115' title='bbox 664 1143 794 1173; x_wconf 86' lang='lat' dir='ltr'>sinodus</span> <span class='ocrx_word' id='word_1_116' title='bbox 804 1143 962 1173; x_wconf 78' lang='lat' dir='ltr'>celebrata</span> <span class='ocrx_word' id='word_1_117' title='bbox 971 1148 1026 1173; x_wconf 88' lang='lat' dir='ltr'>est.</span> <span class='ocrx_word' id='word_1_118' title='bbox 1040 1144 1100 1174; x_wconf 89' lang='lat' dir='ltr'>Hic</span> 
     </span>
     <span class='ocr_line' id='line_1_17' title="bbox 131 1195 1099 1234; baseline 0.001 -10"><span class='ocrx_word' id='word_1_119' title='bbox 131 1195 207 1224; x_wconf 80' lang='lat' dir='ltr'>fecit</span> <span class='ocrx_word' id='word_1_120' title='bbox 222 1195 441 1226; x_wconf 81' lang='lat' dir='ltr'>ordinationes</span> <span class='ocrx_word' id='word_1_121' title='bbox 464 1205 498 1226; x_wconf 86' lang='grc' dir='ltr'>ιιι</span> <span class='ocrx_word' id='word_1_122' title='bbox 518 1206 572 1234; x_wconf 86' lang='lat' dir='ltr'>per</span> <span class='ocrx_word' id='word_1_123' title='bbox 594 1205 740 1225; x_wconf 88' lang='lat' dir='ltr'>mensem</span> <span class='ocrx_word' id='word_1_124' title='bbox 759 1196 948 1231; x_wconf 79' lang='lat' dir='ltr'>decembris,</span> <span class='ocrx_word' id='word_1_125' title='bbox 964 1197 1099 1234; x_wconf 78' lang='lat' dir='ltr'>presby-</span> 
     </span>
     <span class='ocr_line' id='line_1_18' title="bbox 135 1249 1100 1287; baseline 0.001 -10"><span class='ocrx_word' id='word_1_126' title='bbox 135 1252 216 1278; x_wconf 84' lang='lat' dir='ltr'>teros</span> <span class='ocrx_word' id='word_1_127' title='bbox 247 1257 344 1285; x_wconf 83' lang='lat' dir='ltr'>xxxn,</span> <span class='ocrx_word' id='word_1_128' title='bbox 368 1249 518 1279; x_wconf 90' lang='lat' dir='ltr'>diaconos</span> <span class='ocrx_word' id='word_1_129' title='bbox 543 1258 596 1283; x_wconf 84' lang='lat' dir='ltr'>xn,</span> <span class='ocrx_word' id='word_1_130' title='bbox 624 1249 786 1287; x_wconf 86' lang='lat' dir='ltr'>episcopos</span> <span class='ocrx_word' id='word_1_131' title='bbox 810 1258 865 1287; x_wconf 88' lang='lat' dir='ltr'>per</span> <span class='ocrx_word' id='word_1_132' title='bbox 887 1249 1012 1278; x_wconf 78' lang='lat' dir='ltr'>diversa</span> <span class='ocrx_word' id='word_1_133' title='bbox 1033 1249 1100 1278; x_wconf 91' lang='lat' dir='ltr'>loca</span> 
     </span>
     <span class='ocr_line' id='line_1_19' title="bbox 134 1301 1099 1341; baseline 0.002 -12"><span class='ocrx_word' id='word_1_134' title='bbox 134 1309 268 1331; x_wconf 87' lang='lat' dir='ltr'>numero</span> <span class='ocrx_word' id='word_1_135' title='bbox 285 1311 367 1331; x_wconf 79' lang='lat' dir='ltr'>xLV1.</span> <span class='ocrx_word' id='word_1_136' title='bbox 389 1302 476 1332; x_wconf 84' lang='lat' dir='ltr'>Obiit</span> <span class='ocrx_word' id='word_1_137' title='bbox 493 1311 548 1331; x_wconf 80' lang='lat' dir='ltr'>vni</span> <span class='ocrx_word' id='word_1_138' title='bbox 566 1302 640 1331; x_wconf 88' lang='lat' dir='ltr'>idus</span> <span class='ocrx_word' id='word_1_139' title='bbox 663 1301 774 1341; x_wconf 80' lang='lat' dir='ltr'>aprilis</span> <span class='ocrx_word' id='word_1_140' title='bbox 795 1306 825 1331; x_wconf 88' lang='lat' dir='ltr'>et</span> <span class='ocrx_word' id='word_1_141' title='bbox 846 1302 988 1341; x_wconf 89' lang='lat' dir='ltr'>sepultus</span> <span class='ocrx_word' id='word_1_142' title='bbox 1004 1307 1050 1331; x_wconf 89' lang='lat' dir='ltr'>est</span> <span class='ocrx_word' id='word_1_143' title='bbox 1065 1303 1099 1331; x_wconf 92' lang='lat' dir='ltr'>in</span> 
     </span>
     <span class='ocr_line' id='line_1_20' title="bbox 132 1353 669 1396; baseline 0.002 -14"><span class='ocrx_word' id='word_1_144' title='bbox 132 1353 289 1384; x_wconf 86' lang='lat' dir='ltr'>cimiterio</span> <span class='ocrx_word' id='word_1_145' title='bbox 307 1354 451 1396; x_wconf 76' lang='lat' dir='ltr'>Priscille</span> <span class='ocrx_word' id='word_1_146' title='bbox 469 1354 519 1384; x_wconf 82' lang='lat' dir='ltr'>via</span> <span class='ocrx_word' id='word_1_147' title='bbox 535 1354 669 1384; x_wconf 84' lang='lat' dir='ltr'>Salaria.</span> 
     </span>
    </p>

    <p class='ocr_par' dir='ltr' id='par_1_7' title="bbox 132 1406 1102 1913">
     <span class='ocr_line' id='line_1_21' title="bbox 173 1406 1100 1445; baseline 0.001 -10"><span class='ocrx_word' id='word_1_148' title='bbox 173 1406 291 1445; x_wconf 67' lang='lat' dir='ltr'>Syxtus</span> <span class='ocrx_word' id='word_1_149' title='bbox 318 1412 386 1445; x_wconf 86' lang='lat' dir='ltr'>post</span> <span class='ocrx_word' id='word_1_150' title='bbox 413 1416 535 1436; x_wconf 87' lang='lat' dir='ltr'>aunum</span> <span class='ocrx_word' id='word_1_151' title='bbox 557 1417 566 1436; x_wconf 91' lang='lat'>1</span> <span class='ocrx_word' id='word_1_152' title='bbox 593 1416 719 1437; x_wconf 88' lang='lat' dir='ltr'>menses</span> <span class='ocrx_word' id='word_1_153' title='bbox 744 1417 801 1436; x_wconf 74' lang='lat' dir='ltr'>vni</span> <span class='ocrx_word' id='word_1_154' title='bbox 829 1407 1058 1437; x_wconf 83' lang='lat' dir='ltr'>incriminatus</span> <span class='ocrx_word' id='word_1_155' title='bbox 1082 1416 1100 1436; x_wconf 89' lang='lat' dir='ltr'>a</span> 
     </span>
     <span class='ocr_line' id='line_1_22' title="bbox 133 1459 1101 1498; baseline 0 -9"><span class='ocrx_word' id='word_1_156' title='bbox 133 1459 271 1498; x_wconf 88' lang='lat' dir='ltr'>quodam</span> <span class='ocrx_word' id='word_1_157' title='bbox 297 1460 395 1490; x_wconf 86' lang='lat' dir='ltr'>Basso</span> <span class='ocrx_word' id='word_1_158' title='bbox 417 1460 455 1489; x_wconf 88' lang='lat' dir='ltr'>de</span> <span class='ocrx_word' id='word_1_159' title='bbox 478 1460 649 1490; x_wconf 89' lang='lat' dir='ltr'>adulterio.</span> <span class='ocrx_word' id='word_1_160' title='bbox 675 1461 718 1490; x_wconf 89' lang='lat' dir='ltr'>Eo</span> <span class='ocrx_word' id='word_1_161' title='bbox 739 1465 877 1498; x_wconf 88' lang='lat' dir='ltr'>tempore</span> <span class='ocrx_word' id='word_1_162' title='bbox 893 1460 1101 1490; x_wconf 85' lang='lat' dir='ltr'>audienshoc</span> 
     </span>
     <span class='ocr_line' id='line_1_23' title="bbox 133 1512 1099 1552; baseline -0.001 -9"><span class='ocrx_word' id='word_1_163' title='bbox 133 1512 385 1543; x_wconf 82' lang='lat' dir='ltr'>Valentinianus</span> <span class='ocrx_word' id='word_1_164' title='bbox 404 1514 571 1551; x_wconf 83' lang='lat' dir='ltr'>Augustus</span> <span class='ocrx_word' id='word_1_165' title='bbox 591 1514 688 1552; x_wconf 88' lang='lat' dir='ltr'>jussit</span> <span class='ocrx_word' id='word_1_166' title='bbox 706 1513 877 1543; x_wconf 83' lang='lat' dir='ltr'>concilium</span> <span class='ocrx_word' id='word_1_167' title='bbox 899 1514 1099 1551; x_wconf 72' lang='lat' dir='ltr'>congregari,</span> 
     </span>
     <span class='ocr_line' id='line_1_24' title="bbox 134 1566 1102 1605; baseline 0 -10"><span class='ocrx_word' id='word_1_168' title='bbox 134 1570 165 1595; x_wconf 88' lang='lat' dir='ltr'>et</span> <span class='ocrx_word' id='word_1_169' title='bbox 190 1566 270 1595; x_wconf 82' lang='lat' dir='ltr'>sacto</span> <span class='ocrx_word' id='word_1_170' title='bbox 298 1571 457 1596; x_wconf 82' lang='lat' dir='ltr'>conventu</span> <span class='ocrx_word' id='word_1_171' title='bbox 479 1575 551 1596; x_wconf 90' lang='lat' dir='ltr'>cum</span> <span class='ocrx_word' id='word_1_172' title='bbox 576 1575 694 1604; x_wconf 85' lang='lat' dir='ltr'>magna</span> <span class='ocrx_word' id='word_1_173' title='bbox 718 1566 956 1596; x_wconf 80' lang='lat' dir='ltr'>examinatione</span> <span class='ocrx_word' id='word_1_174' title='bbox 978 1567 1102 1605; x_wconf 89' lang='lat' dir='ltr'>judicio</span> 
     </span>
     <span class='ocr_line' id='line_1_25' title="bbox 134 1619 1102 1658; baseline 0.001 -10"><span class='ocrx_word' id='word_1_175' title='bbox 134 1619 278 1649; x_wconf 86' lang='lat' dir='ltr'>sinodico</span> <span class='ocrx_word' id='word_1_176' title='bbox 304 1624 456 1657; x_wconf 84' lang='lat' dir='ltr'>purgatur</span> <span class='ocrx_word' id='word_1_177' title='bbox 482 1628 500 1648; x_wconf 90' lang='lat' dir='ltr'>a</span> <span class='ocrx_word' id='word_1_178' title='bbox 525 1629 575 1648; x_wconf 77' lang='lat' dir='ltr'>Lvr</span> <span class='ocrx_word' id='word_1_179' title='bbox 602 1619 759 1658; x_wconf 86' lang='lat' dir='ltr'>episcopis</span> <span class='ocrx_word' id='word_1_180' title='bbox 788 1623 818 1649; x_wconf 88' lang='lat' dir='ltr'>et</span> <span class='ocrx_word' id='word_1_181' title='bbox 849 1620 1102 1658; x_wconf 82' lang='lat' dir='ltr'>condempnatur</span> 
     </span>
     <span class='ocr_line' id='line_1_26' title="bbox 136 1672 1099 1710; baseline 0 -9"><span class='ocrx_word' id='word_1_182' title='bbox 136 1672 254 1701; x_wconf 86' lang='lat' dir='ltr'>Bassus</span> <span class='ocrx_word' id='word_1_183' title='bbox 273 1681 289 1701; x_wconf 88' lang='lat' dir='ltr'>a</span> <span class='ocrx_word' id='word_1_184' title='bbox 308 1672 432 1702; x_wconf 88' lang='lat' dir='ltr'>sinodo.</span> <span class='ocrx_word' id='word_1_185' title='bbox 459 1672 520 1701; x_wconf 88' lang='lat' dir='ltr'>Hic</span> <span class='ocrx_word' id='word_1_186' title='bbox 540 1672 614 1702; x_wconf 86' lang='lat' dir='ltr'>fecit</span> <span class='ocrx_word' id='word_1_187' title='bbox 635 1672 856 1701; x_wconf 85' lang='lat' dir='ltr'>ordinationes</span> <span class='ocrx_word' id='word_1_188' title='bbox 876 1682 910 1701; x_wconf 85' lang='lat'>111</span> <span class='ocrx_word' id='word_1_189' title='bbox 931 1681 985 1710; x_wconf 89' lang='lat' dir='ltr'>per</span> <span class='ocrx_word' id='word_1_190' title='bbox 1006 1681 1099 1701; x_wconf 87' lang='lat' dir='ltr'>men-</span> 
     </span>
     <span class='ocr_line' id='line_1_27' title="bbox 134 1724 1100 1763; baseline -0.002 -8"><span class='ocrx_word' id='word_1_191' title='bbox 134 1733 202 1755; x_wconf 82' lang='lat' dir='ltr'>Sem</span> <span class='ocrx_word' id='word_1_192' title='bbox 224 1725 420 1761; x_wconf 87' lang='lat' dir='ltr'>decembris,</span> <span class='ocrx_word' id='word_1_193' title='bbox 439 1725 640 1763; x_wconf 81' lang='lat' dir='ltr'>presbyteros</span> <span class='ocrx_word' id='word_1_194' title='bbox 657 1734 765 1760; x_wconf 77' lang='lat' dir='ltr'>xxvrn,</span> <span class='ocrx_word' id='word_1_195' title='bbox 783 1724 932 1754; x_wconf 81' lang='lat' dir='ltr'>diaconos</span> <span class='ocrx_word' id='word_1_196' title='bbox 953 1734 994 1753; x_wconf 87' lang='lat' dir='ltr'>xn</span> <span class='ocrx_word' id='word_1_197' title='bbox 1017 1724 1100 1763; x_wconf 89' lang='lat' dir='ltr'>epis-</span> 
     </span>
     <span class='ocr_line' id='line_1_28' title="bbox 132 1777 1100 1821; baseline -0.002 -13"><span class='ocrx_word' id='word_1_198' title='bbox 132 1786 227 1816; x_wconf 87' lang='lat' dir='ltr'>copos</span> <span class='ocrx_word' id='word_1_199' title='bbox 241 1787 295 1816; x_wconf 87' lang='lat' dir='ltr'>per</span> <span class='ocrx_word' id='word_1_200' title='bbox 309 1778 436 1821; x_wconf 82' lang='lat' dir='ltr'>diversa</span> <span class='ocrx_word' id='word_1_201' title='bbox 449 1778 516 1808; x_wconf 86' lang='lat' dir='ltr'>loca</span> <span class='ocrx_word' id='word_1_202' title='bbox 530 1787 664 1807; x_wconf 90' lang='lat' dir='ltr'>numero</span> <span class='ocrx_word' id='word_1_203' title='bbox 679 1787 733 1807; x_wconf 76' lang='lat' dir='ltr'>Lu.</span> <span class='ocrx_word' id='word_1_204' title='bbox 751 1778 837 1808; x_wconf 81' lang='lat' dir='ltr'>Obiit</span> <span class='ocrx_word' id='word_1_205' title='bbox 842 1800 902 1807; x_wconf 90' lang='grc'><em>.....</em></span> <span class='ocrx_word' id='word_1_206' title='bbox 918 1777 1100 1816; x_wconf 83' lang='lat' dir='ltr'>etsepultus</span> 
     </span>
     <span class='ocr_line' id='line_1_29' title="bbox 135 1824 1101 1870; baseline 0 -10"><span class='ocrx_word' id='word_1_207' title='bbox 135 1834 180 1860; x_wconf 86' lang='lat' dir='ltr'>est</span> <span class='ocrx_word' id='word_1_208' title='bbox 204 1831 253 1860; x_wconf 86' lang='lat' dir='ltr'>via</span> <span class='ocrx_word' id='word_1_209' title='bbox 276 1831 446 1860; x_wconf 80' lang='lat' dir='ltr'>Tiburtina</span> <span class='ocrx_word' id='word_1_210' title='bbox 472 1832 504 1860; x_wconf 91' lang='lat' dir='ltr'>in</span> <span class='ocrx_word' id='word_1_211' title='bbox 533 1831 631 1869; x_wconf 86' lang='lat' dir='ltr'>cripta</span> <span class='ocrx_word' id='word_1_212' title='bbox 656 1831 745 1869; x_wconf 86' lang='lat' dir='ltr'>juxta</span> <span class='ocrx_word' id='word_1_213' title='bbox 772 1839 885 1870; x_wconf 87' lang='lat' dir='ltr'>corpus</span> <span class='ocrx_word' id='word_1_214' title='bbox 915 1831 997 1860; x_wconf 83' lang='lat' dir='ltr'>beati</span> <span class='ocrx_word' id='word_1_215' title='bbox 1021 1824 1101 1860; x_wconf 68' lang='lat' dir='ltr'>Lau‘-</span> 
     </span>
     <span class='ocr_line' id='line_1_30' title="bbox 135 1884 241 1913; baseline 0.009 -1"><span class='ocrx_word' id='word_1_216' title='bbox 135 1884 241 1913; x_wconf 87' lang='lat' dir='ltr'>rentii.</span> 
     </span>
    </p>

    <p class='ocr_par' dir='ltr' id='par_1_8' title="bbox 132 1936 1103 2346">
     <span class='ocr_line' id='line_1_31' title="bbox 177 1936 1100 1966; baseline 0 0"><span class='ocrx_word' id='word_1_217' title='bbox 177 1937 257 1966; x_wconf 76' lang='lat' dir='ltr'>Le02</span> <span class='ocrx_word' id='word_1_218' title='bbox 270 1937 434 1966; x_wconf 72' lang='lat' dir='ltr'>ecclesiam</span> <span class='ocrx_word' id='word_1_219' title='bbox 450 1946 467 1966; x_wconf 89' lang='lat' dir='ltr'>a</span> <span class='ocrx_word' id='word_1_220' title='bbox 478 1936 671 1966; x_wconf 82' lang='lat' dir='ltr'>Nestoi-iana</span> <span class='ocrx_word' id='word_1_221' title='bbox 684 1940 714 1965; x_wconf 87' lang='lat' dir='ltr'>et</span> <span class='ocrx_word' id='word_1_222' title='bbox 728 1936 895 1966; x_wconf 78' lang='lat' dir='ltr'>Euticiana</span> <span class='ocrx_word' id='word_1_223' title='bbox 908 1936 1013 1965; x_wconf 84' lang='lat' dir='ltr'>heresi</span> <span class='ocrx_word' id='word_1_224' title='bbox 1025 1936 1100 1966; x_wconf 89' lang='lat' dir='ltr'>libe-</span> 
     </span>
     <span class='ocr_line' id='line_1_32' title="bbox 135 1989 1101 2028; baseline 0 -10"><span class='ocrx_word' id='word_1_225' title='bbox 135 1989 214 2019; x_wconf 79' lang='lat' dir='ltr'>rarit</span> <span class='ocrx_word' id='word_1_226' title='bbox 229 1995 258 2019; x_wconf 87' lang='lat' dir='ltr'>et</span> <span class='ocrx_word' id='word_1_227' title='bbox 272 1990 414 2019; x_wconf 83' lang='lat' dir='ltr'>Dioscori</span> <span class='ocrx_word' id='word_1_228' title='bbox 428 1989 638 2028; x_wconf 83' lang='lat' dir='ltr'>superbia[m]</span> <span class='ocrx_word' id='word_1_229' title='bbox 657 1989 801 2019; x_wconf 78' lang='lat' dir='ltr'>calcavit.</span> <span class='ocrx_word' id='word_1_230' title='bbox 817 1989 875 2018; x_wconf 88' lang='lat' dir='ltr'>llic</span> <span class='ocrx_word' id='word_1_231' title='bbox 888 1990 1050 2019; x_wconf 85' lang='lat' dir='ltr'>constituit</span> <span class='ocrx_word' id='word_1_232' title='bbox 1067 1993 1101 2018; x_wconf 88' lang='lat' dir='ltr'>ut</span> 
     </span>
     <span class='ocr_line' id='line_1_33' title="bbox 135 2042 1099 2072; baseline 0 0"><span class='ocrx_word' id='word_1_233' title='bbox 135 2042 219 2072; x_wconf 88' lang='lat' dir='ltr'>inter</span> <span class='ocrx_word' id='word_1_234' title='bbox 246 2043 405 2072; x_wconf 83' lang='lat' dir='ltr'>actionem</span> <span class='ocrx_word' id='word_1_235' title='bbox 435 2043 585 2072; x_wconf 81' lang='lat' dir='ltr'>sacrificii</span> <span class='ocrx_word' id='word_1_236' title='bbox 611 2043 770 2072; x_wconf 81' lang='lat' dir='ltr'>diceretur</span> <span class='ocrx_word' id='word_1_237' title='bbox 795 2042 947 2072; x_wconf 85' lang='lat' dir='ltr'>Sanctum</span> <span class='ocrx_word' id='word_1_238' title='bbox 977 2042 1099 2072; x_wconf 83' lang='lat' dir='ltr'>sacrifi-</span> 
     </span>
     <span class='ocr_line' id='line_1_34' title="bbox 132 2095 1100 2135; baseline 0.001 -11"><span class='ocrx_word' id='word_1_239' title='bbox 132 2095 220 2125; x_wconf 85' lang='lat' dir='ltr'>cium</span> <span class='ocrx_word' id='word_1_240' title='bbox 244 2101 274 2125; x_wconf 88' lang='lat' dir='ltr'>et</span> <span class='ocrx_word' id='word_1_241' title='bbox 298 2100 412 2126; x_wconf 81' lang='lat' dir='ltr'>cetera.</span> <span class='ocrx_word' id='word_1_242' title='bbox 440 2097 546 2135; x_wconf 85' lang='lat' dir='ltr'>Hujus</span> <span class='ocrx_word' id='word_1_243' title='bbox 572 2096 769 2134; x_wconf 84' lang='lat' dir='ltr'>temporibus</span> <span class='ocrx_word' id='word_1_244' title='bbox 794 2096 926 2125; x_wconf 89' lang='lat' dir='ltr'>sinodus</span> <span class='ocrx_word' id='word_1_245' title='bbox 951 2095 1100 2125; x_wconf 86' lang='lat' dir='ltr'>Calcedo-</span> 
     </span>
     <span class='ocr_line' id='line_1_35' title="bbox 137 2149 1100 2188; baseline -0.001 -10"><span class='ocrx_word' id='word_1_246' title='bbox 137 2149 245 2178; x_wconf 87' lang='lat' dir='ltr'>nensis</span> <span class='ocrx_word' id='word_1_247' title='bbox 262 2149 423 2179; x_wconf 85' lang='lat' dir='ltr'>convenit.</span> <span class='ocrx_word' id='word_1_248' title='bbox 439 2150 499 2179; x_wconf 90' lang='lat' dir='ltr'>Hic</span> <span class='ocrx_word' id='word_1_249' title='bbox 511 2149 816 2179; x_wconf 85' lang='lat' dir='ltr'>fecitordinationes</span> <span class='ocrx_word' id='word_1_250' title='bbox 829 2158 874 2178; x_wconf 89' lang='grc' dir='ltr'>ιιιι</span> <span class='ocrx_word' id='word_1_251' title='bbox 887 2157 941 2188; x_wconf 71' lang='lat' dir='ltr'>per</span> <span class='ocrx_word' id='word_1_252' title='bbox 958 2158 1100 2178; x_wconf 89' lang='lat' dir='ltr'>mensem</span> 
     </span>
     <span class='ocr_line' id='line_1_36' title="bbox 134 2201 1101 2241; baseline -0.002 -9"><span class='ocrx_word' id='word_1_253' title='bbox 134 2202 323 2238; x_wconf 85' lang='lat' dir='ltr'>decembris,</span> <span class='ocrx_word' id='word_1_254' title='bbox 340 2202 540 2241; x_wconf 67' lang='lat' dir='ltr'>presbyteros</span> <span class='ocrx_word' id='word_1_255' title='bbox 554 2211 658 2239; x_wconf 80' lang='lat' dir='ltr'>Lxxxi,</span> <span class='ocrx_word' id='word_1_256' title='bbox 671 2201 821 2231; x_wconf 87' lang='lat' dir='ltr'>diaconos</span> <span class='ocrx_word' id='word_1_257' title='bbox 839 2211 923 2238; x_wconf 76' lang='lat' dir='ltr'>xxxi,</span> <span class='ocrx_word' id='word_1_258' title='bbox 941 2201 1101 2239; x_wconf 86' lang='lat' dir='ltr'>episcopos</span> 
     </span>
     <span class='ocr_line' id='line_1_37' title="bbox 135 2254 1103 2294; baseline -0.001 -10"><span class='ocrx_word' id='word_1_259' title='bbox 135 2264 190 2294; x_wconf 89' lang='lat' dir='ltr'>per</span> <span class='ocrx_word' id='word_1_260' title='bbox 205 2255 331 2285; x_wconf 83' lang='lat' dir='ltr'>diversa</span> <span class='ocrx_word' id='word_1_261' title='bbox 349 2255 416 2285; x_wconf 89' lang='lat' dir='ltr'>loca</span> <span class='ocrx_word' id='word_1_262' title='bbox 433 2263 566 2284; x_wconf 90' lang='lat' dir='ltr'>numero</span> <span class='ocrx_word' id='word_1_263' title='bbox 580 2264 710 2284; x_wconf 69' lang='lat' dir='ltr'>ccxxxv.</span> <span class='ocrx_word' id='word_1_264' title='bbox 731 2254 818 2284; x_wconf 90' lang='lat' dir='ltr'>Obiit</span> <span class='ocrx_word' id='word_1_265' title='bbox 835 2264 880 2283; x_wconf 82' lang='lat'>1111</span> <span class='ocrx_word' id='word_1_266' title='bbox 902 2255 975 2284; x_wconf 89' lang='lat' dir='ltr'>idus</span> <span class='ocrx_word' id='word_1_267' title='bbox 995 2254 1103 2293; x_wconf 86' lang='lat' dir='ltr'>aprilis</span> 
     </span>
     <span class='ocr_line' id='line_1_38' title="bbox 134 2307 988 2346; baseline -0.004 -8"><span class='ocrx_word' id='word_1_268' title='bbox 134 2311 167 2338; x_wconf 82' lang='lat' dir='ltr'>et</span> <span class='ocrx_word' id='word_1_269' title='bbox 181 2308 323 2346; x_wconf 88' lang='lat' dir='ltr'>sepultus</span> <span class='ocrx_word' id='word_1_270' title='bbox 340 2312 387 2337; x_wconf 80' lang='lat' dir='ltr'>est</span> <span class='ocrx_word' id='word_1_271' title='bbox 405 2307 491 2346; x_wconf 87' lang='lat' dir='ltr'>apud</span> <span class='ocrx_word' id='word_1_272' title='bbox 508 2308 634 2337; x_wconf 90' lang='lat' dir='ltr'>beatum</span> <span class='ocrx_word' id='word_1_273' title='bbox 654 2307 784 2336; x_wconf 85' lang='lat' dir='ltr'>Petrum</span> <span class='ocrx_word' id='word_1_274' title='bbox 801 2307 988 2345; x_wconf 83' lang='lat' dir='ltr'>apostolum.</span> 
     </span>
    </p>

    <p class='ocr_par' dir='ltr' id='par_1_9' title="bbox 134 2359 1103 2609">
     <span class='ocr_line' id='line_1_39' title="bbox 176 2359 1103 2390; baseline -0.002 -1"><span class='ocrx_word' id='word_1_275' title='bbox 176 2360 298 2390; x_wconf 77' lang='lat' dir='ltr'>Ylarus</span> <span class='ocrx_word' id='word_1_276' title='bbox 317 2360 391 2389; x_wconf 88' lang='lat' dir='ltr'>fecit</span> <span class='ocrx_word' id='word_1_277' title='bbox 409 2360 616 2389; x_wconf 85' lang='lat' dir='ltr'>constitutum</span> <span class='ocrx_word' id='word_1_278' title='bbox 634 2359 672 2388; x_wconf 89' lang='lat' dir='ltr'>de</span> <span class='ocrx_word' id='word_1_279' title='bbox 689 2359 833 2388; x_wconf 88' lang='lat' dir='ltr'>ecclesia.</span> <span class='ocrx_word' id='word_1_280' title='bbox 852 2359 913 2388; x_wconf 89' lang='lat' dir='ltr'>Hic</span> <span class='ocrx_word' id='word_1_281' title='bbox 930 2359 1002 2388; x_wconf 81' lang='lat' dir='ltr'>fecit</span> <span class='ocrx_word' id='word_1_282' title='bbox 1017 2359 1103 2388; x_wconf 90' lang='lat' dir='ltr'>ordi-</span> 
     </span>
     <span class='ocr_line' id='line_1_40' title="bbox 137 2411 1102 2451; baseline -0.003 -8"><span class='ocrx_word' id='word_1_283' title='bbox 137 2413 301 2443; x_wconf 89' lang='lat' dir='ltr'>nationem</span> <span class='ocrx_word' id='word_1_284' title='bbox 321 2422 329 2441; x_wconf 87' lang='grc' dir='ltr'>ι</span> <span class='ocrx_word' id='word_1_285' title='bbox 349 2422 403 2451; x_wconf 88' lang='lat' dir='ltr'>per</span> <span class='ocrx_word' id='word_1_286' title='bbox 428 2421 571 2442; x_wconf 87' lang='lat' dir='ltr'>mensem</span> <span class='ocrx_word' id='word_1_287' title='bbox 598 2411 794 2448; x_wconf 87' lang='lat' dir='ltr'>decembris,</span> <span class='ocrx_word' id='word_1_288' title='bbox 813 2412 1013 2450; x_wconf 76' lang='lat' dir='ltr'>presbyteros</span> <span class='ocrx_word' id='word_1_289' title='bbox 1030 2421 1102 2447; x_wconf 79' lang='lat' dir='ltr'>xxv,</span> 
     </span>
     <span class='ocr_line' id='line_1_41' title="bbox 134 2464 1102 2503; baseline -0.002 -8"><span class='ocrx_word' id='word_1_290' title='bbox 134 2465 289 2496; x_wconf 89' lang='lat' dir='ltr'>diaconos</span> <span class='ocrx_word' id='word_1_291' title='bbox 310 2474 351 2500; x_wconf 80' lang='lat' dir='ltr'>vi,</span> <span class='ocrx_word' id='word_1_292' title='bbox 377 2465 539 2503; x_wconf 85' lang='lat' dir='ltr'>episcopos</span> <span class='ocrx_word' id='word_1_293' title='bbox 560 2473 615 2503; x_wconf 86' lang='lat' dir='ltr'>per</span> <span class='ocrx_word' id='word_1_294' title='bbox 634 2464 760 2493; x_wconf 84' lang='lat' dir='ltr'>diversa</span> <span class='ocrx_word' id='word_1_295' title='bbox 783 2464 852 2494; x_wconf 89' lang='lat' dir='ltr'>loca</span> <span class='ocrx_word' id='word_1_296' title='bbox 873 2473 1007 2494; x_wconf 85' lang='lat' dir='ltr'>numero</span> <span class='ocrx_word' id='word_1_297' title='bbox 1028 2474 1102 2494; x_wconf 85' lang='lat' dir='ltr'>xxn.</span> 
     </span>
     <span class='ocr_line' id='line_1_42' title="bbox 137 2516 1103 2556; baseline -0.002 -9"><span class='ocrx_word' id='word_1_298' title='bbox 137 2518 263 2548; x_wconf 88' lang='lat' dir='ltr'>Obiit...</span> <span class='ocrx_word' id='word_1_299' title='bbox 293 2522 323 2547; x_wconf 85' lang='lat' dir='ltr'>et</span> <span class='ocrx_word' id='word_1_300' title='bbox 347 2517 492 2556; x_wconf 87' lang='lat' dir='ltr'>sepultus</span> <span class='ocrx_word' id='word_1_301' title='bbox 518 2521 564 2546; x_wconf 88' lang='lat' dir='ltr'>est</span> <span class='ocrx_word' id='word_1_302' title='bbox 590 2516 628 2545; x_wconf 91' lang='lat' dir='ltr'>ad</span> <span class='ocrx_word' id='word_1_303' title='bbox 654 2520 799 2546; x_wconf 85' lang='lat' dir='ltr'>sanctum</span> <span class='ocrx_word' id='word_1_304' title='bbox 831 2517 1039 2547; x_wconf 82' lang='lat' dir='ltr'>Laurentium</span> <span class='ocrx_word' id='word_1_305' title='bbox 1069 2517 1103 2546; x_wconf 90' lang='lat' dir='ltr'>in</span> 
     </span>
     <span class='ocr_line' id='line_1_43' title="bbox 135 2569 733 2609; baseline -0.005 -8"><span class='ocrx_word' id='word_1_306' title='bbox 135 2571 235 2609; x_wconf 88' lang='lat' dir='ltr'>cripta</span> <span class='ocrx_word' id='word_1_307' title='bbox 249 2572 338 2609; x_wconf 82' lang='lat' dir='ltr'>juxta</span> <span class='ocrx_word' id='word_1_308' title='bbox 354 2579 466 2608; x_wconf 88' lang='lat' dir='ltr'>corpus</span> <span class='ocrx_word' id='word_1_309' title='bbox 484 2570 565 2600; x_wconf 82' lang='lat' dir='ltr'>Sixti</span> <span class='ocrx_word' id='word_1_310' title='bbox 582 2569 733 2608; x_wconf 87' lang='lat' dir='ltr'>episcopi.</span> 
     </span>
    </p>

    <p class='ocr_par' dir='ltr' id='par_1_10' title="bbox 134 2622 1104 2819">
     <span class='ocr_line' id='line_1_44' title="bbox 176 2622 1103 2662; baseline 0 -9"><span class='ocrx_word' id='word_1_311' title='bbox 176 2624 358 2662; x_wconf 78' lang='lat' dir='ltr'>Siniplitius</span> <span class='ocrx_word' id='word_1_312' title='bbox 387 2623 528 2661; x_wconf 88' lang='lat' dir='ltr'>primum</span> <span class='ocrx_word' id='word_1_313' title='bbox 569 2623 642 2652; x_wconf 84' lang='lat' dir='ltr'>fecit</span> <span class='ocrx_word' id='word_1_314' title='bbox 677 2622 914 2652; x_wconf 85' lang='lat' dir='ltr'>ordinationem</span> <span class='ocrx_word' id='word_1_315' title='bbox 953 2623 987 2652; x_wconf 91' lang='lat' dir='ltr'>in</span> <span class='ocrx_word' id='word_1_316' title='bbox 1026 2624 1103 2653; x_wconf 88' lang='lat' dir='ltr'>urbe</span> 
     </span>
     <span class='ocr_line' id='line_1_45' title="bbox 137 2675 1103 2714; baseline -0.001 -8"><span class='ocrx_word' id='word_1_317' title='bbox 137 2677 239 2707; x_wconf 82' lang='lat' dir='ltr'>Roma</span> <span class='ocrx_word' id='word_1_318' title='bbox 255 2677 288 2706; x_wconf 90' lang='lat' dir='ltr'>in</span> <span class='ocrx_word' id='word_1_319' title='bbox 307 2685 416 2705; x_wconf 89' lang='lat' dir='ltr'>mense</span> <span class='ocrx_word' id='word_1_320' title='bbox 433 2675 586 2705; x_wconf 74' lang='lat' dir='ltr'>februarii</span> <span class='ocrx_word' id='word_1_321' title='bbox 605 2675 806 2714; x_wconf 79' lang='lat' dir='ltr'>presbyteros</span> <span class='ocrx_word' id='word_1_322' title='bbox 823 2685 914 2710; x_wconf 77' lang='lat' dir='ltr'>Lvni,</span> <span class='ocrx_word' id='word_1_323' title='bbox 933 2680 962 2705; x_wconf 84' lang='lat' dir='ltr'>et</span> <span class='ocrx_word' id='word_1_324' title='bbox 978 2677 1056 2706; x_wconf 89' lang='lat' dir='ltr'>obiit</span> <span class='ocrx_word' id='word_1_325' title='bbox 1073 2686 1103 2705; x_wconf 80' lang='lat' dir='ltr'>vr</span> 
     </span>
     <span class='ocr_line' id='line_1_46' title="bbox 138 2727 1104 2766; baseline -0.001 -8"><span class='ocrx_word' id='word_1_326' title='bbox 138 2737 214 2758; x_wconf 90' lang='lat' dir='ltr'>non.</span> <span class='ocrx_word' id='word_1_327' title='bbox 244 2728 341 2757; x_wconf 87' lang='lat' dir='ltr'>madii</span> <span class='ocrx_word' id='word_1_328' title='bbox 369 2731 400 2757; x_wconf 81' lang='lat' dir='ltr'>et</span> <span class='ocrx_word' id='word_1_329' title='bbox 433 2727 576 2766; x_wconf 84' lang='lat' dir='ltr'>sepultus</span> <span class='ocrx_word' id='word_1_330' title='bbox 609 2732 655 2757; x_wconf 83' lang='lat' dir='ltr'>est</span> <span class='ocrx_word' id='word_1_331' title='bbox 682 2728 715 2756; x_wconf 94' lang='lat' dir='ltr'>in</span> <span class='ocrx_word' id='word_1_332' title='bbox 745 2727 877 2757; x_wconf 86' lang='lat' dir='ltr'>basilica</span> <span class='ocrx_word' id='word_1_333' title='bbox 911 2728 993 2758; x_wconf 85' lang='lat' dir='ltr'>beati</span> <span class='ocrx_word' id='word_1_334' title='bbox 1020 2729 1104 2758; x_wconf 82' lang='lat' dir='ltr'>Petri</span> 
     </span>
     <span class='ocr_line' id='line_1_47' title="bbox 134 2781 280 2819; baseline -0.007 -9"><span class='ocrx_word' id='word_1_335' title='bbox 134 2781 280 2819; x_wconf 83' lang='lat' dir='ltr'>apostoli.</span> 
     </span>
    </p>
   </div>
   <div class='ocr_carea' id='block_1_5' title="bbox 129 2950 716 3024">
    <p class='ocr_par' dir='ltr' id='par_1_11' title="bbox 129 2950 716 3024">
     <span class='ocr_line' id='line_1_48' title="bbox 132 2950 623 2981; baseline -0.002 -5"><span class='ocrx_word' id='word_1_336' title='bbox 132 2952 152 2976; x_wconf 75' lang='lat' dir='ltr'>l.</span> <span class='ocrx_word' id='word_1_337' title='bbox 167 2954 209 2975; x_wconf 85' lang='grc' dir='ltr'>Εη</span> <span class='ocrx_word' id='word_1_338' title='bbox 227 2959 320 2981; x_wconf 73' lang='lat' dir='ltr'>margye</span> <span class='ocrx_word' id='word_1_339' title='bbox 338 2960 344 2974; x_wconf 89' lang='grc'>.·</span> <span class='ocrx_word' id='word_1_340' title='bbox 361 2951 482 2975; x_wconf 79' lang='lat' dir='ltr'>Effesina</span> <span class='ocrx_word' id='word_1_341' title='bbox 498 2950 623 2975; x_wconf 81' lang='lat' dir='ltr'>sinodus.</span> 
     </span>
     <span class='ocr_line' id='line_1_49' title="bbox 129 2994 716 3024; baseline -0.003 -5"><span class='ocrx_word' id='word_1_342' title='bbox 129 2995 152 3020; x_wconf 81' lang='lat'>2.</span> <span class='ocrx_word' id='word_1_343' title='bbox 169 2998 211 3019; x_wconf 83' lang='lat' dir='ltr'>En</span> <span class='ocrx_word' id='word_1_344' title='bbox 228 3002 322 3024; x_wconf 59' lang='lat' dir='ltr'>maroe</span> <span class='ocrx_word' id='word_1_345' title='bbox 340 3004 345 3018; x_wconf 89' lang='lat'><em>:</em></span> <span class='ocrx_word' id='word_1_346' title='bbox 362 2994 578 3019; x_wconf 83' lang='lat' dir='ltr'>Calcedonensis</span> <span class='ocrx_word' id='word_1_347' title='bbox 591 2994 716 3018; x_wconf 88' lang='lat' dir='ltr'>sinodus.</span> 
     </span>
    </p>
   </div>
   <div class='ocr_carea' id='block_1_6' title="bbox 1221 404 2188 1856">
    <p class='ocr_par' dir='ltr' id='par_1_12' title="bbox 1221 404 2186 970">
     <span class='ocr_line' id='line_1_50' title="bbox 1264 404 2181 446; baseline 0.007 -13"><span class='ocrx_word' id='word_1_348' title='bbox 1264 404 1347 433; x_wconf 83' lang='lat' dir='ltr'>Felix</span> <span class='ocrx_word' id='word_1_349' title='bbox 1369 405 1441 434; x_wconf 84' lang='lat' dir='ltr'>secit</span> <span class='ocrx_word' id='word_1_350' title='bbox 1463 406 1625 436; x_wconf 83' lang='lat' dir='ltr'>basilicam</span> <span class='ocrx_word' id='word_1_351' title='bbox 1647 407 1745 436; x_wconf 88' lang='lat' dir='ltr'>sancti</span> <span class='ocrx_word' id='word_1_352' title='bbox 1767 408 1892 446; x_wconf 78' lang='lat' dir='ltr'>Agapiti</span> <span class='ocrx_word' id='word_1_353' title='bbox 1908 408 1998 446; x_wconf 86' lang='lat' dir='ltr'>juxta</span> <span class='ocrx_word' id='word_1_354' title='bbox 2015 409 2181 439; x_wconf 81' lang='lat' dir='ltr'>basilicam</span> 
     </span>
     <span class='ocr_line' id='line_1_51' title="bbox 1221 457 2185 500; baseline 0.007 -15"><span class='ocrx_word' id='word_1_355' title='bbox 1221 457 1320 486; x_wconf 89' lang='lat' dir='ltr'>sancti</span> <span class='ocrx_word' id='word_1_356' title='bbox 1343 458 1506 487; x_wconf 86' lang='lat' dir='ltr'>Laurentii</span> <span class='ocrx_word' id='word_1_357' title='bbox 1535 460 1694 497; x_wconf 82' lang='lat' dir='ltr'>martyris.</span> <span class='ocrx_word' id='word_1_358' title='bbox 1717 460 1783 489; x_wconf 69' lang='lat' dir='ltr'>Sub</span> <span class='ocrx_word' id='word_1_359' title='bbox 1804 461 1899 499; x_wconf 86' lang='lat' dir='ltr'>hujus</span> <span class='ocrx_word' id='word_1_360' title='bbox 1924 462 2103 500; x_wconf 85' lang='lat' dir='ltr'>episcopatu</span> <span class='ocrx_word' id='word_1_361' title='bbox 2126 463 2185 493; x_wconf 88' lang='lat' dir='ltr'>ite-</span> 
     </span>
     <span class='ocr_line' id='line_1_52' title="bbox 1222 510 2183 545; baseline 0.007 -8"><span class='ocrx_word' id='word_1_362' title='bbox 1222 518 1291 538; x_wconf 89' lang='lat' dir='ltr'>rum</span> <span class='ocrx_word' id='word_1_363' title='bbox 1319 511 1406 539; x_wconf 79' lang='lat' dir='ltr'>veuit</span> <span class='ocrx_word' id='word_1_364' title='bbox 1430 510 1541 540; x_wconf 87' lang='lat' dir='ltr'>relatio</span> <span class='ocrx_word' id='word_1_365' title='bbox 1563 512 1601 540; x_wconf 63' lang='lat' dir='ltr'>:lc</span> <span class='ocrx_word' id='word_1_366' title='bbox 1624 512 1735 541; x_wconf 87' lang='lat' dir='ltr'>Grecia</span> <span class='ocrx_word' id='word_1_367' title='bbox 1764 513 1895 542; x_wconf 80' lang='lat' dir='ltr'>Petrum</span> <span class='ocrx_word' id='word_1_368' title='bbox 1925 513 2183 545; x_wconf 81' lang='lat' dir='ltr'>Alexandrinum</span> 
     </span>
     <span class='ocr_line' id='line_1_53' title="bbox 1222 564 2182 605; baseline 0.007 -15"><span class='ocrx_word' id='word_1_369' title='bbox 1222 568 1401 592; x_wconf 77' lang='lat' dir='ltr'>revocatum</span> <span class='ocrx_word' id='word_1_370' title='bbox 1425 564 1464 593; x_wconf 78' lang='lat' dir='ltr'>ab</span> <span class='ocrx_word' id='word_1_371' title='bbox 1493 564 1626 594; x_wconf 77' lang='lat' dir='ltr'>Achatio</span> <span class='ocrx_word' id='word_1_372' title='bbox 1651 565 1794 603; x_wconf 83' lang='lat' dir='ltr'>episcopo</span> <span class='ocrx_word' id='word_1_373' title='bbox 1819 566 2182 605; x_wconf 87' lang='lat' dir='ltr'>Constantinopolitano.</span> 
     </span>
     <span class='ocr_line' id='line_1_54' title="bbox 1222 615 2186 658; baseline 0.007 -15"><span class='ocrx_word' id='word_1_374' title='bbox 1222 615 1311 644; x_wconf 84' lang='lat' dir='ltr'>Tunc</span> <span class='ocrx_word' id='word_1_375' title='bbox 1331 615 1522 645; x_wconf 68' lang='lat' dir='ltr'>venerabilis</span> <span class='ocrx_word' id='word_1_376' title='bbox 1541 616 1626 646; x_wconf 82' lang='lat' dir='ltr'>Felix</span> <span class='ocrx_word' id='word_1_377' title='bbox 1643 617 1900 656; x_wconf 76' lang='lat' dir='ltr'>archiepiscopus</span> <span class='ocrx_word' id='word_1_378' title='bbox 1916 619 1998 648; x_wconf 86' lang='lat' dir='ltr'>sedis</span> <span class='ocrx_word' id='word_1_379' title='bbox 2013 620 2186 658; x_wconf 85' lang='lat' dir='ltr'>apostolice</span> 
     </span>
     <span class='ocr_line' id='line_1_55' title="bbox 1223 667 2185 702; baseline 0.007 -7"><span class='ocrx_word' id='word_1_380' title='bbox 1223 667 1310 696; x_wconf 82' lang='lat' dir='ltr'>urbis</span> <span class='ocrx_word' id='word_1_381' title='bbox 1338 669 1435 697; x_wconf 80' lang='lat' dir='ltr'>ltonie</span> <span class='ocrx_word' id='word_1_382' title='bbox 1466 669 1594 698; x_wconf 84' lang='lat' dir='ltr'>mittens</span> <span class='ocrx_word' id='word_1_383' title='bbox 1619 670 1819 699; x_wconf 80' lang='lat' dir='ltr'>defensorem</span> <span class='ocrx_word' id='word_1_384' title='bbox 1848 680 1920 700; x_wconf 86' lang='lat' dir='ltr'>cum</span> <span class='ocrx_word' id='word_1_385' title='bbox 1944 671 2078 702; x_wconf 79' lang='lat' dir='ltr'>consilio</span> <span class='ocrx_word' id='word_1_386' title='bbox 2101 672 2185 702; x_wconf 87' lang='lat' dir='ltr'>sedis</span> 
     </span>
     <span class='ocr_line' id='line_1_56' title="bbox 1222 720 2181 759; baseline 0.005 -10"><span class='ocrx_word' id='word_1_387' title='bbox 1222 729 1288 755; x_wconf 78' lang='lat' dir='ltr'>sue,</span> <span class='ocrx_word' id='word_1_388' title='bbox 1314 720 1394 750; x_wconf 80' lang='lat' dir='ltr'>sacto</span> <span class='ocrx_word' id='word_1_389' title='bbox 1411 721 1549 750; x_wconf 78' lang='lat' dir='ltr'>concilio</span> <span class='ocrx_word' id='word_1_390' title='bbox 1570 721 1756 759; x_wconf 88' lang='lat' dir='ltr'>dampnavit</span> <span class='ocrx_word' id='word_1_391' title='bbox 1782 723 1953 752; x_wconf 85' lang='lat' dir='ltr'>Achatium</span> <span class='ocrx_word' id='word_1_392' title='bbox 1979 733 2051 753; x_wconf 79' lang='lat' dir='ltr'>cum</span> <span class='ocrx_word' id='word_1_393' title='bbox 2076 725 2181 754; x_wconf 79' lang='lat' dir='ltr'>Petro.</span> 
     </span>
     <span class='ocr_line' id='line_1_57' title="bbox 1222 773 2183 814; baseline 0.005 -13"><span class='ocrx_word' id='word_1_394' title='bbox 1222 773 1283 802; x_wconf 88' lang='lat' dir='ltr'>Hic</span> <span class='ocrx_word' id='word_1_395' title='bbox 1302 773 1373 802; x_wconf 85' lang='lat' dir='ltr'>l&#39;ecit</span> <span class='ocrx_word' id='word_1_396' title='bbox 1400 774 1616 803; x_wconf 71' lang='lat' dir='ltr'>ordinationes</span> <span class='ocrx_word' id='word_1_397' title='bbox 1639 783 1659 803; x_wconf 91' lang='grc' dir='ltr'>ιι</span> <span class='ocrx_word' id='word_1_398' title='bbox 1683 775 1715 803; x_wconf 90' lang='lat' dir='ltr'>in</span> <span class='ocrx_word' id='word_1_399' title='bbox 1737 774 1814 804; x_wconf 90' lang='lat' dir='ltr'>urbe</span> <span class='ocrx_word' id='word_1_400' title='bbox 1836 776 1934 804; x_wconf 71' lang='lat' dir='ltr'>[tonia</span> <span class='ocrx_word' id='word_1_401' title='bbox 1960 784 2014 814; x_wconf 86' lang='lat' dir='ltr'>per</span> <span class='ocrx_word' id='word_1_402' title='bbox 2040 786 2183 806; x_wconf 80' lang='lat' dir='ltr'>inensem</span> 
     </span>
     <span class='ocr_line' id='line_1_58' title="bbox 1221 825 2185 867; baseline 0.006 -14"><span class='ocrx_word' id='word_1_403' title='bbox 1221 825 1415 862; x_wconf 77' lang='lat' dir='ltr'>decembris,</span> <span class='ocrx_word' id='word_1_404' title='bbox 1444 826 1643 864; x_wconf 52' lang='lat' dir='ltr'>presbyteros</span> <span class='ocrx_word' id='word_1_405' title='bbox 1666 836 1761 855; x_wconf 80' lang='lat' dir='ltr'>xxvin</span> <span class='ocrx_word' id='word_1_406' title='bbox 1775 850 1782 863; x_wconf 96' lang='lat'>‚</span> <span class='ocrx_word' id='word_1_407' title='bbox 1805 827 1952 857; x_wconf 84' lang='lat' dir='ltr'>diaconos</span> <span class='ocrx_word' id='word_1_408' title='bbox 1971 838 2000 863; x_wconf 59' lang='grc' dir='ltr'>ι’,</span> <span class='ocrx_word' id='word_1_409' title='bbox 2021 829 2185 867; x_wconf 80' lang='lat' dir='ltr'>episcopos</span> 
     </span>
     <span class='ocr_line' id='line_1_59' title="bbox 1222 878 2186 919; baseline 0.005 -13"><span class='ocrx_word' id='word_1_410' title='bbox 1222 888 1276 916; x_wconf 88' lang='lat' dir='ltr'>per</span> <span class='ocrx_word' id='word_1_411' title='bbox 1292 878 1415 907; x_wconf 73' lang='lat' dir='ltr'>diversa</span> <span class='ocrx_word' id='word_1_412' title='bbox 1430 878 1496 908; x_wconf 85' lang='lat' dir='ltr'>loca</span> <span class='ocrx_word' id='word_1_413' title='bbox 1513 888 1647 908; x_wconf 85' lang='lat' dir='ltr'>numero</span> <span class='ocrx_word' id='word_1_414' title='bbox 1664 888 1746 907; x_wconf 84' lang='lat' dir='ltr'>xxxi.</span> <span class='ocrx_word' id='word_1_415' title='bbox 1763 879 1885 909; x_wconf 84' lang='lat' dir='ltr'>Obiit...</span> <span class='ocrx_word' id='word_1_416' title='bbox 1907 880 1965 910; x_wconf 85' lang='lat' dir='ltr'>llic</span> <span class='ocrx_word' id='word_1_417' title='bbox 1979 881 2121 919; x_wconf 88' lang='lat' dir='ltr'>sepultus</span> <span class='ocrx_word' id='word_1_418' title='bbox 2137 885 2186 911; x_wconf 85' lang='lat' dir='ltr'>est</span> 
     </span>
     <span class='ocr_line' id='line_1_60' title="bbox 1223 930 1776 970; baseline 0.005 -11"><span class='ocrx_word' id='word_1_419' title='bbox 1223 931 1253 959; x_wconf 93' lang='lat' dir='ltr'>iu</span> <span class='ocrx_word' id='word_1_420' title='bbox 1274 930 1403 960; x_wconf 82' lang='lat' dir='ltr'>basilica</span> <span class='ocrx_word' id='word_1_421' title='bbox 1421 932 1501 960; x_wconf 75' lang='lat' dir='ltr'>beati</span> <span class='ocrx_word' id='word_1_422' title='bbox 1520 931 1612 960; x_wconf 80' lang='lat' dir='ltr'>Pauli</span> <span class='ocrx_word' id='word_1_423' title='bbox 1631 931 1776 970; x_wconf 85' lang='lat' dir='ltr'>apostoli.</span> 
     </span>
    </p>

    <p class='ocr_par' dir='ltr' id='par_1_13' title="bbox 1222 983 2186 1336">
     <span class='ocr_line' id='line_1_61' title="bbox 1261 983 2185 1023; baseline 0.004 -11"><span class='ocrx_word' id='word_1_424' title='bbox 1261 983 1406 1013; x_wconf 79' lang='lat' dir='ltr'>Gelasius</span> <span class='ocrx_word' id='word_1_425' title='bbox 1429 984 1635 1012; x_wconf 78' lang='lat' dir='ltr'>Gelasianum</span> <span class='ocrx_word' id='word_1_426' title='bbox 1660 985 1835 1022; x_wconf 81' lang='lat' dir='ltr'>composuit</span> <span class='ocrx_word' id='word_1_427' title='bbox 1859 988 1887 1013; x_wconf 89' lang='lat' dir='ltr'>et</span> <span class='ocrx_word' id='word_1_428' title='bbox 1909 994 2023 1023; x_wconf 67' lang='lat' dir='ltr'>ymnos</span> <span class='ocrx_word' id='word_1_429' title='bbox 2048 990 2077 1015; x_wconf 89' lang='lat' dir='ltr'>et</span> <span class='ocrx_word' id='word_1_430' title='bbox 2105 991 2185 1016; x_wconf 88' lang='lat' dir='ltr'>trac-</span> 
     </span>
     <span class='ocr_line' id='line_1_62' title="bbox 1223 1037 2184 1077; baseline 0.003 -12"><span class='ocrx_word' id='word_1_431' title='bbox 1223 1040 1303 1065; x_wconf 87' lang='lat' dir='ltr'>tatus</span> <span class='ocrx_word' id='word_1_432' title='bbox 1320 1037 1351 1065; x_wconf 91' lang='lat' dir='ltr'>in</span> <span class='ocrx_word' id='word_1_433' title='bbox 1371 1037 1499 1065; x_wconf 86' lang='lat' dir='ltr'>niodum</span> <span class='ocrx_word' id='word_1_434' title='bbox 1519 1037 1601 1065; x_wconf 86' lang='lat' dir='ltr'>beati</span> <span class='ocrx_word' id='word_1_435' title='bbox 1619 1037 1794 1066; x_wconf 84' lang='lat' dir='ltr'>Ambrosii.</span> <span class='ocrx_word' id='word_1_436' title='bbox 1816 1037 1992 1067; x_wconf 78' lang='lat' dir='ltr'>Declaravit</span> <span class='ocrx_word' id='word_1_437' title='bbox 2011 1039 2105 1068; x_wconf 86' lang='lat' dir='ltr'>etiarn</span> <span class='ocrx_word' id='word_1_438' title='bbox 2127 1039 2184 1077; x_wconf 88' lang='lat' dir='ltr'>qui</span> 
     </span>
     <span class='ocr_line' id='line_1_63' title="bbox 1222 1089 2186 1129; baseline 0.003 -11"><span class='ocrx_word' id='word_1_439' title='bbox 1222 1089 1297 1118; x_wconf 88' lang='lat' dir='ltr'>libri</span> <span class='ocrx_word' id='word_1_440' title='bbox 1322 1089 1419 1127; x_wconf 81' lang='lat' dir='ltr'>recipi</span> <span class='ocrx_word' id='word_1_441' title='bbox 1447 1089 1584 1118; x_wconf 70' lang='lat' dir='ltr'>debcant</span> <span class='ocrx_word' id='word_1_442' title='bbox 1610 1089 1642 1117; x_wconf 91' lang='lat' dir='ltr'>in</span> <span class='ocrx_word' id='word_1_443' title='bbox 1671 1089 1813 1126; x_wconf 83' lang='lat' dir='ltr'>ecclesia,</span> <span class='ocrx_word' id='word_1_444' title='bbox 1833 1091 1886 1127; x_wconf 80' lang='lat' dir='ltr'>qui</span> <span class='ocrx_word' id='word_1_445' title='bbox 1903 1091 2097 1129; x_wconf 74' lang='lat' dir='ltr'>contempni.</span> <span class='ocrx_word' id='word_1_446' title='bbox 2124 1092 2186 1121; x_wconf 81' lang='lat' dir='ltr'>Hic</span> 
     </span>
     <span class='ocr_line' id='line_1_64' title="bbox 1222 1141 2186 1173; baseline 0.003 -2"><span class='ocrx_word' id='word_1_447' title='bbox 1222 1141 1295 1171; x_wconf 77' lang='lat' dir='ltr'>fecit</span> <span class='ocrx_word' id='word_1_448' title='bbox 1315 1141 1533 1171; x_wconf 82' lang='lat' dir='ltr'>ordinationes</span> <span class='ocrx_word' id='word_1_449' title='bbox 1555 1151 1575 1170; x_wconf 88' lang='lat'>11</span> <span class='ocrx_word' id='word_1_450' title='bbox 1595 1142 1627 1170; x_wconf 95' lang='lat' dir='ltr'>in</span> <span class='ocrx_word' id='word_1_451' title='bbox 1651 1141 1726 1170; x_wconf 84' lang='lat' dir='ltr'>urbe</span> <span class='ocrx_word' id='word_1_452' title='bbox 1751 1142 1901 1171; x_wconf 74' lang='lat' dir='ltr'>Romaiu</span> <span class='ocrx_word' id='word_1_453' title='bbox 1924 1152 2033 1173; x_wconf 89' lang='lat' dir='ltr'>mense</span> <span class='ocrx_word' id='word_1_454' title='bbox 2056 1143 2186 1173; x_wconf 89' lang='lat' dir='ltr'>decem-</span> 
     </span>
     <span class='ocr_line' id='line_1_65' title="bbox 1222 1194 2185 1234; baseline 0.002 -11"><span class='ocrx_word' id='word_1_455' title='bbox 1222 1195 1287 1224; x_wconf 85' lang='lat' dir='ltr'>bris</span> <span class='ocrx_word' id='word_1_456' title='bbox 1304 1198 1333 1223; x_wconf 90' lang='lat' dir='ltr'>et</span> <span class='ocrx_word' id='word_1_457' title='bbox 1353 1194 1521 1229; x_wconf 80' lang='lat' dir='ltr'>februarii,</span> <span class='ocrx_word' id='word_1_458' title='bbox 1541 1194 1742 1232; x_wconf 76' lang='lat' dir='ltr'>presbyteros</span> <span class='ocrx_word' id='word_1_459' title='bbox 1760 1203 1856 1229; x_wconf 76' lang='lat' dir='ltr'>xxxn,</span> <span class='ocrx_word' id='word_1_460' title='bbox 1875 1195 2026 1225; x_wconf 87' lang='lat' dir='ltr'>diaconos</span> <span class='ocrx_word' id='word_1_461' title='bbox 2042 1205 2080 1231; x_wconf 79' lang='grc' dir='ltr'>ιι,</span> <span class='ocrx_word' id='word_1_462' title='bbox 2098 1196 2185 1234; x_wconf 81' lang='lat' dir='ltr'>epis—</span> 
     </span>
     <span class='ocr_line' id='line_1_66' title="bbox 1223 1244 2185 1283; baseline 0 -9"><span class='ocrx_word' id='word_1_463' title='bbox 1223 1253 1316 1283; x_wconf 88' lang='lat' dir='ltr'>copos</span> <span class='ocrx_word' id='word_1_464' title='bbox 1332 1253 1386 1282; x_wconf 88' lang='lat' dir='ltr'>per</span> <span class='ocrx_word' id='word_1_465' title='bbox 1402 1244 1526 1273; x_wconf 85' lang='lat' dir='ltr'>diversa</span> <span class='ocrx_word' id='word_1_466' title='bbox 1543 1244 1611 1274; x_wconf 89' lang='lat' dir='ltr'>loca</span> <span class='ocrx_word' id='word_1_467' title='bbox 1629 1252 1762 1273; x_wconf 89' lang='lat' dir='ltr'>numero</span> <span class='ocrx_word' id='word_1_468' title='bbox 1780 1254 1876 1274; x_wconf 66' lang='lat' dir='ltr'>cxvii.</span> <span class='ocrx_word' id='word_1_469' title='bbox 1896 1244 1981 1274; x_wconf 81' lang='lat' dir='ltr'>Obiit</span> <span class='ocrx_word' id='word_1_470' title='bbox 2003 1255 2044 1274; x_wconf 88' lang='lat' dir='ltr'>x11</span> <span class='ocrx_word' id='word_1_471' title='bbox 2066 1245 2108 1274; x_wconf 81' lang='lat' dir='ltr'>kl.</span> <span class='ocrx_word' id='word_1_472' title='bbox 2129 1246 2185 1274; x_wconf 85' lang='lat' dir='ltr'>de-</span> 
     </span>
     <span class='ocr_line' id='line_1_67' title="bbox 1223 1297 2184 1336; baseline 0 -9"><span class='ocrx_word' id='word_1_473' title='bbox 1223 1298 1361 1327; x_wconf 86' lang='lat' dir='ltr'>cembris</span> <span class='ocrx_word' id='word_1_474' title='bbox 1377 1302 1407 1327; x_wconf 87' lang='lat' dir='ltr'>et</span> <span class='ocrx_word' id='word_1_475' title='bbox 1423 1297 1565 1336; x_wconf 86' lang='lat' dir='ltr'>sepultus</span> <span class='ocrx_word' id='word_1_476' title='bbox 1582 1297 1676 1326; x_wconf 87' lang='lat' dir='ltr'>estin</span> <span class='ocrx_word' id='word_1_477' title='bbox 1692 1297 1823 1326; x_wconf 84' lang='lat' dir='ltr'>basilica</span> <span class='ocrx_word' id='word_1_478' title='bbox 1837 1297 1919 1326; x_wconf 80' lang='lat' dir='ltr'>beati</span> <span class='ocrx_word' id='word_1_479' title='bbox 1939 1297 2023 1326; x_wconf 75' lang='lat' dir='ltr'>Petri</span> <span class='ocrx_word' id='word_1_480' title='bbox 2040 1297 2184 1336; x_wconf 82' lang='lat' dir='ltr'>apostoli.</span> 
     </span>
    </p>

    <p class='ocr_par' dir='ltr' id='par_1_14' title="bbox 1222 1349 2188 1813">
     <span class='ocr_line' id='line_1_68' title="bbox 1264 1349 2188 1388; baseline 0 -9"><span class='ocrx_word' id='word_1_481' title='bbox 1264 1350 1426 1380; x_wconf 84' lang='lat' dir='ltr'>Anastasii</span> <span class='ocrx_word' id='word_1_482' title='bbox 1452 1354 1592 1388; x_wconf 86' lang='lat' dir='ltr'>tempore</span> <span class='ocrx_word' id='word_1_483' title='bbox 1615 1349 1705 1378; x_wconf 87' lang='lat' dir='ltr'>multi</span> <span class='ocrx_word' id='word_1_484' title='bbox 1728 1349 1904 1387; x_wconf 64' lang='lat' dir='ltr'>presbyteri</span> <span class='ocrx_word' id='word_1_485' title='bbox 1924 1355 1953 1378; x_wconf 90' lang='lat' dir='ltr'>et</span> <span class='ocrx_word' id='word_1_486' title='bbox 1971 1349 2078 1379; x_wconf 85' lang='lat' dir='ltr'>clerici</span> <span class='ocrx_word' id='word_1_487' title='bbox 2099 1359 2188 1388; x_wconf 83' lang='lat' dir='ltr'>sepa-</span> 
     </span>
     <span class='ocr_line' id='line_1_69' title="bbox 1224 1403 2188 1440; baseline -0.001 -7"><span class='ocrx_word' id='word_1_488' title='bbox 1224 1409 1377 1434; x_wconf 79' lang='lat' dir='ltr'>raverunt</span> <span class='ocrx_word' id='word_1_489' title='bbox 1403 1413 1436 1433; x_wconf 86' lang='lat' dir='ltr'>se</span> <span class='ocrx_word' id='word_1_490' title='bbox 1454 1413 1471 1433; x_wconf 91' lang='lat' dir='ltr'>a</span> <span class='ocrx_word' id='word_1_491' title='bbox 1493 1412 1617 1433; x_wconf 90' lang='lat' dir='ltr'>commu</span> <span class='ocrx_word' id='word_1_492' title='bbox 1626 1403 1723 1432; x_wconf 86' lang='lat' dir='ltr'>nione</span> <span class='ocrx_word' id='word_1_493' title='bbox 1744 1403 1837 1432; x_wconf 75' lang='lat' dir='ltr'>istius</span> <span class='ocrx_word' id='word_1_494' title='bbox 1854 1411 1888 1431; x_wconf 91' lang='lat' dir='ltr'>eo</span> <span class='ocrx_word' id='word_1_495' title='bbox 1905 1403 1988 1440; x_wconf 82' lang='lat' dir='ltr'>qnod</span> <span class='ocrx_word' id='word_1_496' title='bbox 2005 1403 2188 1432; x_wconf 89' lang='lat' dir='ltr'>communi-</span> 
     </span>
     <span class='ocr_line' id='line_1_70' title="bbox 1223 1455 2188 1493; baseline -0.002 -6"><span class='ocrx_word' id='word_1_497' title='bbox 1223 1461 1324 1487; x_wconf 83' lang='lat' dir='ltr'>casset</span> <span class='ocrx_word' id='word_1_498' title='bbox 1342 1457 1481 1486; x_wconf 85' lang='lat' dir='ltr'>Fortuno</span> <span class='ocrx_word' id='word_1_499' title='bbox 1496 1456 1640 1493; x_wconf 86' lang='lat' dir='ltr'>diacono,</span> <span class='ocrx_word' id='word_1_500' title='bbox 1653 1460 1683 1485; x_wconf 91' lang='lat' dir='ltr'>et</span> <span class='ocrx_word' id='word_1_501' title='bbox 1699 1455 1774 1493; x_wconf 87' lang='lat' dir='ltr'>quia</span> <span class='ocrx_word' id='word_1_502' title='bbox 1791 1455 1888 1485; x_wconf 89' lang='lat' dir='ltr'>voluit</span> <span class='ocrx_word' id='word_1_503' title='bbox 1904 1455 2024 1485; x_wconf 71' lang='lat' dir='ltr'>occulte</span> <span class='ocrx_word' id='word_1_504' title='bbox 2041 1464 2188 1485; x_wconf 77' lang='lat' dir='ltr'>revocare</span> 
     </span>
     <span class='ocr_line' id='line_1_71' title="bbox 1224 1507 2185 1546; baseline -0.002 -7"><span class='ocrx_word' id='word_1_505' title='bbox 1224 1510 1398 1540; x_wconf 86' lang='lat' dir='ltr'>Achatinm</span> <span class='ocrx_word' id='word_1_506' title='bbox 1419 1518 1477 1538; x_wconf 87' lang='lat' dir='ltr'>nec</span> <span class='ocrx_word' id='word_1_507' title='bbox 1498 1509 1610 1546; x_wconf 85' lang='lat' dir='ltr'>potuit.</span> <span class='ocrx_word' id='word_1_508' title='bbox 1632 1509 1692 1538; x_wconf 87' lang='lat' dir='ltr'>Hic</span> <span class='ocrx_word' id='word_1_509' title='bbox 1712 1507 2099 1545; x_wconf 83' lang='lat' dir='ltr'>Constantinopolitanum</span> <span class='ocrx_word' id='word_1_510' title='bbox 2123 1509 2185 1537; x_wconf 91' lang='lat' dir='ltr'>im-</span> 
     </span>
     <span class='ocr_line' id='line_1_72' title="bbox 1224 1560 2186 1601; baseline -0.004 -9"><span class='ocrx_word' id='word_1_511' title='bbox 1224 1567 1401 1601; x_wconf 82' lang='lat' dir='ltr'>peratorem</span> <span class='ocrx_word' id='word_1_512' title='bbox 1419 1560 1718 1591; x_wconf 83' lang='lat' dir='ltr'>excommunicavit.</span> <span class='ocrx_word' id='word_1_513' title='bbox 1744 1560 1805 1589; x_wconf 89' lang='lat' dir='ltr'>Hic</span> <span class='ocrx_word' id='word_1_514' title='bbox 1825 1560 1898 1589; x_wconf 78' lang='lat' dir='ltr'>fecit</span> <span class='ocrx_word' id='word_1_515' title='bbox 1920 1560 2155 1590; x_wconf 83' lang='lat' dir='ltr'>ordinationem</span> <span class='ocrx_word' id='word_1_516' title='bbox 2178 1569 2186 1588; x_wconf 90' lang='lat'>1</span> 
     </span>
     <span class='ocr_line' id='line_1_73' title="bbox 1223 1612 2182 1655; baseline -0.004 -10"><span class='ocrx_word' id='word_1_517' title='bbox 1223 1625 1277 1655; x_wconf 83' lang='lat' dir='ltr'>per</span> <span class='ocrx_word' id='word_1_518' title='bbox 1289 1624 1432 1644; x_wconf 83' lang='lat' dir='ltr'>mensem</span> <span class='ocrx_word' id='word_1_519' title='bbox 1446 1613 1637 1649; x_wconf 86' lang='lat' dir='ltr'>decembris,</span> <span class='ocrx_word' id='word_1_520' title='bbox 1657 1613 1858 1651; x_wconf 80' lang='lat' dir='ltr'>presbyteros</span> <span class='ocrx_word' id='word_1_521' title='bbox 1874 1622 1948 1647; x_wconf 76' lang='lat' dir='ltr'>xxn,</span> <span class='ocrx_word' id='word_1_522' title='bbox 1963 1612 2111 1642; x_wconf 87' lang='lat' dir='ltr'>diaconos</span> <span class='ocrx_word' id='word_1_523' title='bbox 2129 1622 2182 1649; x_wconf 82' lang='lat' dir='ltr'>xn,</span> 
     </span>
     <span class='ocr_line' id='line_1_74' title="bbox 1224 1665 2183 1707; baseline -0.005 -8"><span class='ocrx_word' id='word_1_524' title='bbox 1224 1670 1383 1707; x_wconf 79' lang='lat' dir='ltr'>episcopos</span> <span class='ocrx_word' id='word_1_525' title='bbox 1410 1677 1464 1705; x_wconf 88' lang='lat' dir='ltr'>per</span> <span class='ocrx_word' id='word_1_526' title='bbox 1481 1667 1608 1696; x_wconf 87' lang='lat' dir='ltr'>diversa</span> <span class='ocrx_word' id='word_1_527' title='bbox 1627 1665 1695 1695; x_wconf 83' lang='lat' dir='ltr'>loca</span> <span class='ocrx_word' id='word_1_528' title='bbox 1711 1665 1853 1703; x_wconf 67' lang='lat' dir='ltr'>[numero</span> <span class='ocrx_word' id='word_1_529' title='bbox 1874 1674 1936 1694; x_wconf 65' lang='grc' dir='ltr'>ΧΠ.</span> <span class='ocrx_word' id='word_1_530' title='bbox 1962 1665 2048 1695; x_wconf 91' lang='lat' dir='ltr'>Obiit</span> <span class='ocrx_word' id='word_1_531' title='bbox 2072 1675 2116 1694; x_wconf 86' lang='lat'>1111</span> <span class='ocrx_word' id='word_1_532' title='bbox 2136 1665 2183 1694; x_wconf 86' lang='lat' dir='ltr'>kl.</span> 
     </span>
     <span class='ocr_line' id='line_1_75' title="bbox 1223 1717 2185 1757; baseline -0.005 -6"><span class='ocrx_word' id='word_1_533' title='bbox 1223 1721 1402 1751; x_wconf 85' lang='lat' dir='ltr'>decembris</span> <span class='ocrx_word' id='word_1_534' title='bbox 1432 1724 1462 1750; x_wconf 86' lang='lat' dir='ltr'>et</span> <span class='ocrx_word' id='word_1_535' title='bbox 1495 1719 1637 1757; x_wconf 83' lang='lat' dir='ltr'>sepultus</span> <span class='ocrx_word' id='word_1_536' title='bbox 1670 1723 1716 1748; x_wconf 86' lang='lat' dir='ltr'>est</span> <span class='ocrx_word' id='word_1_537' title='bbox 1750 1719 1782 1747; x_wconf 88' lang='lat' dir='ltr'>in</span> <span class='ocrx_word' id='word_1_538' title='bbox 1814 1718 1946 1747; x_wconf 85' lang='lat' dir='ltr'>basilica</span> <span class='ocrx_word' id='word_1_539' title='bbox 1978 1717 2059 1747; x_wconf 87' lang='lat' dir='ltr'>beati</span> <span class='ocrx_word' id='word_1_540' title='bbox 2097 1718 2185 1747; x_wconf 88' lang='lat' dir='ltr'>Petri</span> 
     </span>
     <span class='ocr_line' id='line_1_76' title="bbox 1222 1773 1364 1813; baseline -0.014 -9"><span class='ocrx_word' id='word_1_541' title='bbox 1222 1773 1364 1813; x_wconf 90' lang='lat' dir='ltr'>apostoli.</span> 
     </span>
    </p>

    <p class='ocr_par' dir='ltr' id='par_1_15' title="bbox 1263 1823 2186 1856">
     <span class='ocr_line' id='line_1_77' title="bbox 1263 1823 2186 1856; baseline -0.005 0"><span class='ocrx_word' id='word_1_542' title='bbox 1263 1826 1434 1856; x_wconf 85' lang='lat' dir='ltr'>Simachus</span> <span class='ocrx_word' id='word_1_543' title='bbox 1459 1824 1622 1854; x_wconf 87' lang='lat' dir='ltr'>constituit</span> <span class='ocrx_word' id='word_1_544' title='bbox 1646 1823 1797 1853; x_wconf 89' lang='lat' dir='ltr'>omnibus</span> <span class='ocrx_word' id='word_1_545' title='bbox 1820 1823 1991 1852; x_wconf 85' lang='lat' dir='ltr'>dominicis</span> <span class='ocrx_word' id='word_1_546' title='bbox 2015 1823 2130 1852; x_wconf 89' lang='lat' dir='ltr'>diebus</span> <span class='ocrx_word' id='word_1_547' title='bbox 2155 1827 2186 1852; x_wconf 91' lang='lat' dir='ltr'>et</span> 
     </span>
    </p>
   </div>
   <div class='ocr_carea' id='block_1_7' title="bbox 1181 1875 2186 1916">
    <p class='ocr_par' dir='ltr' id='par_1_16' title="bbox 1181 1875 2186 1916">
     <span class='ocr_line' id='line_1_78' title="bbox 1181 1875 2186 1916; baseline -0.004 -7"><span class='ocrx_word' id='word_1_548' title='bbox 1181 1909 1185 1916; x_wconf 55' lang='lat'>,</span> <span class='ocrx_word' id='word_1_549' title='bbox 1224 1879 1383 1908; x_wconf 85' lang='lat' dir='ltr'>nataliciis</span> <span class='ocrx_word' id='word_1_550' title='bbox 1396 1877 1609 1916; x_wconf 83' lang='lat' dir='ltr'>apostolorum</span> <span class='ocrx_word' id='word_1_551' title='bbox 1625 1877 1677 1916; x_wconf 84' lang='lat' dir='ltr'>[et]</span> <span class='ocrx_word' id='word_1_552' title='bbox 1696 1876 1865 1905; x_wconf 83' lang='lat' dir='ltr'>martirum</span> <span class='ocrx_word' id='word_1_553' title='bbox 1881 1875 1988 1905; x_wconf 85' lang='lat' dir='ltr'>Gloria</span> <span class='ocrx_word' id='word_1_554' title='bbox 2005 1875 2036 1904; x_wconf 89' lang='lat' dir='ltr'>in</span> <span class='ocrx_word' id='word_1_555' title='bbox 2053 1875 2186 1905; x_wconf 81' lang='lat' dir='ltr'>excelsis</span> 
     </span>
    </p>
   </div>
   <div class='ocr_carea' id='block_1_8' title="bbox 1219 1928 2190 3020">
    <p class='ocr_par' dir='ltr' id='par_1_17' title="bbox 1222 1928 2188 2180">
     <span class='ocr_line' id='line_1_79' title="bbox 1222 1928 2187 1961; baseline -0.003 0"><span class='ocrx_word' id='word_1_556' title='bbox 1222 1931 1396 1961; x_wconf 84' lang='lat' dir='ltr'>decantari.</span> <span class='ocrx_word' id='word_1_557' title='bbox 1426 1931 1486 1960; x_wconf 84' lang='lat' dir='ltr'>Hic</span> <span class='ocrx_word' id='word_1_558' title='bbox 1512 1930 1586 1959; x_wconf 79' lang='lat' dir='ltr'>fecit</span> <span class='ocrx_word' id='word_1_559' title='bbox 1610 1929 1830 1959; x_wconf 86' lang='lat' dir='ltr'>ordinationes</span> <span class='ocrx_word' id='word_1_560' title='bbox 1855 1938 1901 1957; x_wconf 89' lang='lat' dir='ltr'>nn</span> <span class='ocrx_word' id='word_1_561' title='bbox 1926 1928 1958 1957; x_wconf 93' lang='lat' dir='ltr'>in</span> <span class='ocrx_word' id='word_1_562' title='bbox 1983 1928 2061 1958; x_wconf 87' lang='lat' dir='ltr'>urbe</span> <span class='ocrx_word' id='word_1_563' title='bbox 2085 1929 2187 1958; x_wconf 80' lang='lat' dir='ltr'>Roma</span> 
     </span>
     <span class='ocr_line' id='line_1_80' title="bbox 1224 1981 2184 2023; baseline -0.005 -9"><span class='ocrx_word' id='word_1_564' title='bbox 1224 1994 1277 2023; x_wconf 88' lang='lat' dir='ltr'>per</span> <span class='ocrx_word' id='word_1_565' title='bbox 1294 1993 1421 2013; x_wconf 78' lang='lat' dir='ltr'>menses</span> <span class='ocrx_word' id='word_1_566' title='bbox 1442 1982 1620 2012; x_wconf 84' lang='lat' dir='ltr'>decembris</span> <span class='ocrx_word' id='word_1_567' title='bbox 1643 1985 1671 2010; x_wconf 87' lang='lat' dir='ltr'>et</span> <span class='ocrx_word' id='word_1_568' title='bbox 1694 1981 1865 2017; x_wconf 78' lang='lat' dir='ltr'>februarii,</span> <span class='ocrx_word' id='word_1_569' title='bbox 1883 1981 2083 2018; x_wconf 71' lang='lat' dir='ltr'>presbyteros</span> <span class='ocrx_word' id='word_1_570' title='bbox 2104 1990 2184 2017; x_wconf 85' lang='lat' dir='ltr'>cxn,</span> 
     </span>
     <span class='ocr_line' id='line_1_81' title="bbox 1223 2033 2185 2074; baseline -0.006 -7"><span class='ocrx_word' id='word_1_571' title='bbox 1223 2038 1374 2067; x_wconf 81' lang='lat' dir='ltr'>diaconos</span> <span class='ocrx_word' id='word_1_572' title='bbox 1388 2045 1450 2071; x_wconf 80' lang='lat' dir='ltr'>xvi,</span> <span class='ocrx_word' id='word_1_573' title='bbox 1467 2035 1628 2074; x_wconf 82' lang='lat' dir='ltr'>episcopos</span> <span class='ocrx_word' id='word_1_574' title='bbox 1645 2044 1700 2072; x_wconf 89' lang='lat' dir='ltr'>per</span> <span class='ocrx_word' id='word_1_575' title='bbox 1715 2034 1841 2063; x_wconf 84' lang='lat' dir='ltr'>diversa</span> <span class='ocrx_word' id='word_1_576' title='bbox 1857 2033 1924 2062; x_wconf 83' lang='lat' dir='ltr'>loca</span> <span class='ocrx_word' id='word_1_577' title='bbox 1939 2041 2072 2062; x_wconf 87' lang='lat' dir='ltr'>numero</span> <span class='ocrx_word' id='word_1_578' title='bbox 2088 2043 2185 2063; x_wconf 75' lang='lat' dir='ltr'>cxvn.</span> 
     </span>
     <span class='ocr_line' id='line_1_82' title="bbox 1222 2085 2188 2125; baseline -0.005 -6"><span class='ocrx_word' id='word_1_579' title='bbox 1222 2090 1311 2120; x_wconf 81' lang='lat' dir='ltr'>Obiit</span> <span class='ocrx_word' id='word_1_580' title='bbox 1334 2098 1378 2118; x_wconf 86' lang='grc' dir='ltr'>ιιιι</span> <span class='ocrx_word' id='word_1_581' title='bbox 1400 2088 1444 2117; x_wconf 82' lang='lat' dir='ltr'>kl.</span> <span class='ocrx_word' id='word_1_582' title='bbox 1469 2088 1594 2125; x_wconf 80' lang='lat' dir='ltr'>augusti</span> <span class='ocrx_word' id='word_1_583' title='bbox 1619 2092 1650 2116; x_wconf 86' lang='lat' dir='ltr'>et</span> <span class='ocrx_word' id='word_1_584' title='bbox 1669 2086 1810 2124; x_wconf 88' lang='lat' dir='ltr'>sepultus</span> <span class='ocrx_word' id='word_1_585' title='bbox 1831 2090 1877 2115; x_wconf 87' lang='lat' dir='ltr'>est</span> <span class='ocrx_word' id='word_1_586' title='bbox 1899 2086 1930 2114; x_wconf 92' lang='lat' dir='ltr'>in</span> <span class='ocrx_word' id='word_1_587' title='bbox 1950 2085 2080 2115; x_wconf 87' lang='lat' dir='ltr'>basilica</span> <span class='ocrx_word' id='word_1_588' title='bbox 2102 2085 2188 2115; x_wconf 78' lang='lat' dir='ltr'>beati</span> 
     </span>
     <span class='ocr_line' id='line_1_83' title="bbox 1223 2141 1469 2180; baseline -0.012 -7"><span class='ocrx_word' id='word_1_589' title='bbox 1223 2143 1310 2173; x_wconf 86' lang='lat' dir='ltr'>Petri</span> <span class='ocrx_word' id='word_1_590' title='bbox 1325 2141 1469 2180; x_wconf 85' lang='lat' dir='ltr'>apostoli.</span> 
     </span>
    </p>

    <p class='ocr_par' dir='ltr' id='par_1_18' title="bbox 1223 2191 2189 2444">
     <span class='ocr_line' id='line_1_84' title="bbox 1264 2191 2189 2229; baseline -0.004 -5"><span class='ocrx_word' id='word_1_591' title='bbox 1264 2193 1435 2224; x_wconf 88' lang='lat' dir='ltr'>Hormisda</span> <span class='ocrx_word' id='word_1_592' title='bbox 1453 2194 1525 2222; x_wconf 75' lang='lat' dir='ltr'>fecit</span> <span class='ocrx_word' id='word_1_593' title='bbox 1545 2191 1767 2222; x_wconf 85' lang='lat' dir='ltr'>ordinationes</span> <span class='ocrx_word' id='word_1_594' title='bbox 1788 2200 1833 2219; x_wconf 90' lang='lat'>1111</span> <span class='ocrx_word' id='word_1_595' title='bbox 1857 2191 1889 2219; x_wconf 92' lang='lat' dir='ltr'>in</span> <span class='ocrx_word' id='word_1_596' title='bbox 1912 2191 1990 2220; x_wconf 87' lang='lat' dir='ltr'>urbe</span> <span class='ocrx_word' id='word_1_597' title='bbox 2014 2191 2115 2220; x_wconf 82' lang='lat' dir='ltr'>Roma</span> <span class='ocrx_word' id='word_1_598' title='bbox 2133 2200 2189 2229; x_wconf 86' lang='lat' dir='ltr'>per</span> 
     </span>
     <span class='ocr_line' id='line_1_85' title="bbox 1223 2243 2184 2283; baseline -0.005 -6"><span class='ocrx_word' id='word_1_599' title='bbox 1223 2256 1367 2277; x_wconf 84' lang='lat' dir='ltr'>mensem</span> <span class='ocrx_word' id='word_1_600' title='bbox 1392 2245 1583 2281; x_wconf 82' lang='lat' dir='ltr'>decembris,</span> <span class='ocrx_word' id='word_1_601' title='bbox 1611 2244 1811 2283; x_wconf 65' lang='lat' dir='ltr'>presbyteros</span> <span class='ocrx_word' id='word_1_602' title='bbox 1840 2253 1903 2277; x_wconf 80' lang='lat' dir='ltr'>xxi,</span> <span class='ocrx_word' id='word_1_603' title='bbox 1930 2243 2082 2273; x_wconf 87' lang='lat' dir='ltr'>diaconos</span> <span class='ocrx_word' id='word_1_604' title='bbox 2107 2253 2184 2279; x_wconf 69' lang='lat' dir='ltr'>xvn,</span> 
     </span>
     <span class='ocr_line' id='line_1_86' title="bbox 1224 2295 2188 2339; baseline -0.005 -9"><span class='ocrx_word' id='word_1_605' title='bbox 1224 2300 1385 2339; x_wconf 88' lang='lat' dir='ltr'>episcopos</span> <span class='ocrx_word' id='word_1_606' title='bbox 1405 2308 1458 2337; x_wconf 90' lang='lat' dir='ltr'>per</span> <span class='ocrx_word' id='word_1_607' title='bbox 1476 2297 1602 2326; x_wconf 90' lang='lat' dir='ltr'>diversa</span> <span class='ocrx_word' id='word_1_608' title='bbox 1621 2296 1688 2326; x_wconf 85' lang='lat' dir='ltr'>loca</span> <span class='ocrx_word' id='word_1_609' title='bbox 1706 2304 1841 2325; x_wconf 89' lang='lat' dir='ltr'>numero</span> <span class='ocrx_word' id='word_1_610' title='bbox 1860 2305 1909 2324; x_wconf 74' lang='lat' dir='ltr'>Lv.</span> <span class='ocrx_word' id='word_1_611' title='bbox 1934 2295 2020 2324; x_wconf 87' lang='lat' dir='ltr'>Obiit</span> <span class='ocrx_word' id='word_1_612' title='bbox 2037 2305 2092 2324; x_wconf 80' lang='lat' dir='ltr'>vin</span> <span class='ocrx_word' id='word_1_613' title='bbox 2116 2296 2188 2325; x_wconf 91' lang='lat' dir='ltr'>idus</span> 
     </span>
     <span class='ocr_line' id='line_1_87' title="bbox 1223 2348 2187 2390; baseline -0.006 -8"><span class='ocrx_word' id='word_1_614' title='bbox 1223 2353 1351 2390; x_wconf 83' lang='lat' dir='ltr'>augusti</span> <span class='ocrx_word' id='word_1_615' title='bbox 1370 2356 1399 2382; x_wconf 90' lang='lat' dir='ltr'>et</span> <span class='ocrx_word' id='word_1_616' title='bbox 1416 2350 1558 2389; x_wconf 89' lang='lat' dir='ltr'>sepultus</span> <span class='ocrx_word' id='word_1_617' title='bbox 1574 2350 1668 2379; x_wconf 87' lang='lat' dir='ltr'>estin</span> <span class='ocrx_word' id='word_1_618' title='bbox 1685 2348 1814 2378; x_wconf 85' lang='lat' dir='ltr'>basilica</span> <span class='ocrx_word' id='word_1_619' title='bbox 1836 2348 1918 2377; x_wconf 79' lang='lat' dir='ltr'>beati</span> <span class='ocrx_word' id='word_1_620' title='bbox 1942 2348 2027 2377; x_wconf 86' lang='lat' dir='ltr'>Petri</span> <span class='ocrx_word' id='word_1_621' title='bbox 2044 2348 2187 2386; x_wconf 88' lang='lat' dir='ltr'>apostoli.</span> 
     </span>
     <span class='ocr_line' id='line_1_88' title="bbox 1227 2401 1978 2444; baseline -0.009 -9"><span class='ocrx_word' id='word_1_622' title='bbox 1227 2406 1286 2435; x_wconf 84' lang='lat' dir='ltr'>Hic</span> <span class='ocrx_word' id='word_1_623' title='bbox 1299 2404 1477 2443; x_wconf 85' lang='lat' dir='ltr'>composuit</span> <span class='ocrx_word' id='word_1_624' title='bbox 1494 2403 1616 2432; x_wconf 87' lang='lat' dir='ltr'>clerum</span> <span class='ocrx_word' id='word_1_625' title='bbox 1634 2406 1668 2444; x_wconf 24' lang='lat' dir='ltr'>et*</span> <span class='ocrx_word' id='word_1_626' title='bbox 1681 2401 1811 2440; x_wconf 81' lang='lat' dir='ltr'>psalmis</span> <span class='ocrx_word' id='word_1_627' title='bbox 1829 2401 1978 2429; x_wconf 85' lang='lat' dir='ltr'>erudivit.</span> 
     </span>
    </p>

    <p class='ocr_par' dir='ltr' id='par_1_19' title="bbox 1219 2454 2190 2802">
     <span class='ocr_line' id='line_1_89' title="bbox 1263 2454 2185 2491; baseline -0.007 -4"><span class='ocrx_word' id='word_1_628' title='bbox 1263 2458 1429 2487; x_wconf 81' lang='lat' dir='ltr'>Joliannes</span> <span class='ocrx_word' id='word_1_629' title='bbox 1445 2465 1463 2485; x_wconf 86' lang='lat' dir='ltr'>a</span> <span class='ocrx_word' id='word_1_630' title='bbox 1478 2454 1674 2485; x_wconf 73' lang='lat' dir='ltr'>Theoderico</span> <span class='ocrx_word' id='word_1_631' title='bbox 1692 2462 1766 2491; x_wconf 75' lang='lat' dir='ltr'>rege</span> <span class='ocrx_word' id='word_1_632' title='bbox 1788 2457 1897 2491; x_wconf 85' lang='lat' dir='ltr'>captus</span> <span class='ocrx_word' id='word_1_633' title='bbox 1913 2457 1943 2481; x_wconf 90' lang='lat' dir='ltr'>et</span> <span class='ocrx_word' id='word_1_634' title='bbox 1958 2457 2135 2482; x_wconf 88' lang='lat' dir='ltr'>maceratus</span> <span class='ocrx_word' id='word_1_635' title='bbox 2152 2454 2185 2481; x_wconf 88' lang='lat' dir='ltr'>in</span> 
     </span>
     <span class='ocr_line' id='line_1_90' title="bbox 1224 2504 2184 2546; baseline -0.007 -6"><span class='ocrx_word' id='word_1_636' title='bbox 1224 2509 1367 2540; x_wconf 85' lang='lat' dir='ltr'>custodia</span> <span class='ocrx_word' id='word_1_637' title='bbox 1387 2508 1472 2546; x_wconf 85' lang='lat' dir='ltr'>apud</span> <span class='ocrx_word' id='word_1_638' title='bbox 1497 2508 1684 2536; x_wconf 73' lang='lat' dir='ltr'>Ravennam</span> <span class='ocrx_word' id='word_1_639' title='bbox 1701 2505 1870 2534; x_wconf 85' lang='lat' dir='ltr'>defunctus</span> <span class='ocrx_word' id='word_1_640' title='bbox 1889 2509 1935 2534; x_wconf 87' lang='lat' dir='ltr'>est</span> <span class='ocrx_word' id='word_1_641' title='bbox 1954 2505 2066 2533; x_wconf 88' lang='lat' dir='ltr'>martir</span> <span class='ocrx_word' id='word_1_642' title='bbox 2083 2514 2120 2534; x_wconf 81' lang='lat' dir='ltr'>xv</span> <span class='ocrx_word' id='word_1_643' title='bbox 2138 2504 2184 2534; x_wconf 86' lang='lat' dir='ltr'>kl.</span> 
     </span>
     <span class='ocr_line' id='line_1_91' title="bbox 1219 2557 2186 2602; baseline -0.006 -10"><span class='ocrx_word' id='word_1_644' title='bbox 1219 2563 1316 2602; x_wconf 87' lang='lat' dir='ltr'>junii.</span> <span class='ocrx_word' id='word_1_645' title='bbox 1332 2562 1437 2599; x_wconf 85' lang='lat' dir='ltr'>Hujus</span> <span class='ocrx_word' id='word_1_646' title='bbox 1451 2564 1592 2598; x_wconf 88' lang='lat' dir='ltr'>tempore</span> <span class='ocrx_word' id='word_1_647' title='bbox 1609 2562 1737 2588; x_wconf 86' lang='lat' dir='ltr'>sanctus</span> <span class='ocrx_word' id='word_1_648' title='bbox 1756 2557 1948 2586; x_wconf 82' lang='lat' dir='ltr'>Benedictus</span> <span class='ocrx_word' id='word_1_649' title='bbox 1961 2557 2056 2586; x_wconf 83' lang='lat' dir='ltr'>abbas</span> <span class='ocrx_word' id='word_1_650' title='bbox 2073 2557 2186 2586; x_wconf 81' lang='lat' dir='ltr'>extitit.</span> 
     </span>
     <span class='ocr_line' id='line_1_92' title="bbox 1225 2609 2186 2650; baseline -0.006 -5"><span class='ocrx_word' id='word_1_651' title='bbox 1225 2616 1286 2645; x_wconf 89' lang='lat' dir='ltr'>Hic</span> <span class='ocrx_word' id='word_1_652' title='bbox 1308 2613 1470 2644; x_wconf 79' lang='lat' dir='ltr'>ordinavit</span> <span class='ocrx_word' id='word_1_653' title='bbox 1493 2612 1657 2650; x_wconf 89' lang='lat' dir='ltr'>episcopos</span> <span class='ocrx_word' id='word_1_654' title='bbox 1679 2619 1732 2649; x_wconf 87' lang='lat' dir='ltr'>per</span> <span class='ocrx_word' id='word_1_655' title='bbox 1753 2610 1879 2638; x_wconf 89' lang='lat' dir='ltr'>diversa</span> <span class='ocrx_word' id='word_1_656' title='bbox 1897 2609 1964 2638; x_wconf 84' lang='lat' dir='ltr'>loca</span> <span class='ocrx_word' id='word_1_657' title='bbox 1980 2618 2116 2639; x_wconf 89' lang='lat' dir='ltr'>numero</span> <span class='ocrx_word' id='word_1_658' title='bbox 2133 2619 2186 2639; x_wconf 86' lang='lat' dir='ltr'>xv.</span> 
     </span>
     <span class='ocr_line' id='line_1_93' title="bbox 1223 2661 2188 2705; baseline -0.006 -8"><span class='ocrx_word' id='word_1_659' title='bbox 1223 2668 1324 2705; x_wconf 86' lang='lat' dir='ltr'>Cujus</span> <span class='ocrx_word' id='word_1_660' title='bbox 1339 2674 1454 2703; x_wconf 87' lang='lat' dir='ltr'>corpus</span> <span class='ocrx_word' id='word_1_661' title='bbox 1477 2667 1545 2702; x_wconf 85' lang='lat' dir='ltr'>post</span> <span class='ocrx_word' id='word_1_662' title='bbox 1563 2663 1686 2693; x_wconf 91' lang='lat' dir='ltr'>obitum</span> <span class='ocrx_word' id='word_1_663' title='bbox 1705 2662 1774 2700; x_wconf 87' lang='lat' dir='ltr'>ejus</span> <span class='ocrx_word' id='word_1_664' title='bbox 1793 2661 1981 2690; x_wconf 84' lang='lat' dir='ltr'>translatum</span> <span class='ocrx_word' id='word_1_665' title='bbox 2004 2665 2051 2690; x_wconf 91' lang='lat' dir='ltr'>est</span> <span class='ocrx_word' id='word_1_666' title='bbox 2068 2662 2106 2691; x_wconf 89' lang='lat' dir='ltr'>de</span> <span class='ocrx_word' id='word_1_667' title='bbox 2123 2662 2188 2691; x_wconf 81' lang='lat' dir='ltr'>Ra-</span> 
     </span>
     <span class='ocr_line' id='line_1_94' title="bbox 1224 2713 2190 2755; baseline -0.005 -6"><span class='ocrx_word' id='word_1_668' title='bbox 1224 2728 1328 2749; x_wconf 88' lang='lat' dir='ltr'>venna</span> <span class='ocrx_word' id='word_1_669' title='bbox 1349 2723 1378 2747; x_wconf 87' lang='lat' dir='ltr'>et</span> <span class='ocrx_word' id='word_1_670' title='bbox 1399 2716 1559 2755; x_wconf 85' lang='lat' dir='ltr'>sepultum</span> <span class='ocrx_word' id='word_1_671' title='bbox 1582 2719 1628 2744; x_wconf 90' lang='lat' dir='ltr'>est</span> <span class='ocrx_word' id='word_1_672' title='bbox 1648 2715 1682 2743; x_wconf 90' lang='lat' dir='ltr'>in</span> <span class='ocrx_word' id='word_1_673' title='bbox 1705 2713 1870 2743; x_wconf 87' lang='lat' dir='ltr'>basilicam</span> <span class='ocrx_word' id='word_1_674' title='bbox 1888 2713 1970 2742; x_wconf 81' lang='lat' dir='ltr'>beati</span> <span class='ocrx_word' id='word_1_675' title='bbox 1988 2714 2074 2743; x_wconf 86' lang='lat' dir='ltr'>Petri</span> <span class='ocrx_word' id='word_1_676' title='bbox 2095 2723 2190 2752; x_wconf 82' lang='lat' dir='ltr'>apos-</span> 
     </span>
     <span class='ocr_line' id='line_1_95' title="bbox 1225 2772 1291 2802; baseline -0.015 -1"><span class='ocrx_word' id='word_1_677' title='bbox 1225 2772 1291 2802; x_wconf 87' lang='lat' dir='ltr'>toli.</span> 
     </span>
    </p>

    <p class='ocr_par' dir='ltr' id='par_1_20' title="bbox 1224 2818 2188 3020">
     <span class='ocr_line' id='line_1_96' title="bbox 1264 2818 2188 2861; baseline -0.004 -8"><span class='ocrx_word' id='word_1_678' title='bbox 1264 2823 1350 2853; x_wconf 85' lang='lat' dir='ltr'>Felix</span> <span class='ocrx_word' id='word_1_679' title='bbox 1370 2821 1585 2861; x_wconf 87' lang='lat' dir='ltr'>patriarcham</span> <span class='ocrx_word' id='word_1_680' title='bbox 1599 2818 1990 2857; x_wconf 86' lang='lat' dir='ltr'>Constantinopolitanum</span> <span class='ocrx_word' id='word_1_681' title='bbox 2007 2827 2188 2849; x_wconf 82' lang='lat' dir='ltr'>excommu-</span> 
     </span>
     <span class='ocr_line' id='line_1_97' title="bbox 1224 2871 2186 2906; baseline -0.004 0"><span class='ocrx_word' id='word_1_682' title='bbox 1224 2875 1354 2906; x_wconf 85' lang='lat' dir='ltr'>nicavit.</span> <span class='ocrx_word' id='word_1_683' title='bbox 1375 2875 1437 2904; x_wconf 88' lang='lat' dir='ltr'>Hic</span> <span class='ocrx_word' id='word_1_684' title='bbox 1453 2873 1528 2903; x_wconf 76' lang='lat' dir='ltr'>sec-it</span> <span class='ocrx_word' id='word_1_685' title='bbox 1542 2872 1761 2902; x_wconf 83' lang='lat' dir='ltr'>ordinationes</span> <span class='ocrx_word' id='word_1_686' title='bbox 1772 2880 1817 2900; x_wconf 87' lang='lat'>1111</span> <span class='ocrx_word' id='word_1_687' title='bbox 1832 2871 1868 2900; x_wconf 89' lang='lat' dir='ltr'>in</span> <span class='ocrx_word' id='word_1_688' title='bbox 1883 2871 1960 2900; x_wconf 90' lang='lat' dir='ltr'>urbe</span> <span class='ocrx_word' id='word_1_689' title='bbox 1975 2872 2074 2901; x_wconf 82' lang='lat' dir='ltr'>Roma</span> <span class='ocrx_word' id='word_1_690' title='bbox 2090 2881 2186 2902; x_wconf 88' lang='lat' dir='ltr'>men-</span> 
     </span>
     <span class='ocr_line' id='line_1_98' title="bbox 1225 2923 2186 2962; baseline -0.004 -4"><span class='ocrx_word' id='word_1_691' title='bbox 1225 2929 1312 2958; x_wconf 89' lang='lat' dir='ltr'>sibus</span> <span class='ocrx_word' id='word_1_692' title='bbox 1328 2926 1482 2957; x_wconf 68' lang='lat' dir='ltr'>Februarii</span> <span class='ocrx_word' id='word_1_693' title='bbox 1498 2930 1527 2955; x_wconf 84' lang='lat' dir='ltr'>et</span> <span class='ocrx_word' id='word_1_694' title='bbox 1543 2924 1663 2961; x_wconf 86' lang='lat' dir='ltr'>martii,</span> <span class='ocrx_word' id='word_1_695' title='bbox 1681 2923 1884 2962; x_wconf 81' lang='lat' dir='ltr'>presbyteros</span> <span class='ocrx_word' id='word_1_696' title='bbox 1897 2933 1945 2958; x_wconf 64' lang='grc' dir='ltr'>ιν,</span> <span class='ocrx_word' id='word_1_697' title='bbox 1958 2924 2109 2954; x_wconf 88' lang='lat' dir='ltr'>diaconos</span> <span class='ocrx_word' id='word_1_698' title='bbox 2124 2934 2186 2962; x_wconf 87' lang='lat'>1111,</span> 
     </span>
     <span class='ocr_line' id='line_1_99' title="bbox 1225 2976 2187 3020; baseline -0.004 -9"><span class='ocrx_word' id='word_1_699' title='bbox 1225 2981 1388 3020; x_wconf 85' lang='lat' dir='ltr'>episcopos</span> <span class='ocrx_word' id='word_1_700' title='bbox 1416 2988 1470 3017; x_wconf 88' lang='lat' dir='ltr'>per</span> <span class='ocrx_word' id='word_1_701' title='bbox 1494 2978 1620 3007; x_wconf 85' lang='lat' dir='ltr'>diversa</span> <span class='ocrx_word' id='word_1_702' title='bbox 1645 2976 1712 3006; x_wconf 79' lang='lat' dir='ltr'>loca</span> <span class='ocrx_word' id='word_1_703' title='bbox 1738 2984 1874 3005; x_wconf 86' lang='lat' dir='ltr'>numero</span> <span class='ocrx_word' id='word_1_704' title='bbox 1897 2985 2016 3006; x_wconf 78' lang='lat' dir='ltr'>xxvnn.</span> <span class='ocrx_word' id='word_1_705' title='bbox 2043 2977 2132 3007; x_wconf 86' lang='lat' dir='ltr'>Obiit</span> <span class='ocrx_word' id='word_1_706' title='bbox 2157 2987 2187 3007; x_wconf 89' lang='lat' dir='ltr'>v1</span> 
     </span>
    </p>
   </div>
  </div>
 </body>
</html>
