2434 3530
707 348 756 377 LE
780 347 924 377 LIBER
947 345 1182 376 CENSUUM
1208 345 1261 374 DE
1285 334 1472 375 L‘EGLISE
1496 345 1704 374 ROMAINE.
2196 345 2248 373 411

238 417 312 446 l‘ost
329 415 388 445 hoc
403 415 449 445 sic
464 415 558 445 etiam
578 415 738 453 principes
750 414 943 452 juraverunt
960 421 966 441 :

155 573 396 604 CXXXVIIII.
406 590 442 594 —
455 574 561 602 Auno
572 580 786 602 JURAMENTUM
797 579 964 600 Pammenia
975 571 1165 598 ALAMANNJE

197 635 236 656 ET
255 634 404 660 QUOMODO
421 633 601 655 lMPERATon
620 624 736 654 URBEM
755 632 917 653 IN'rnavrr.

239 745 252 759 (ι
281 733 346 770 Ego
370 732 560 762 Frederieus
584 731 666 767 dux,
693 738 750 767 ego
776 729 977 767 lngelbertus
1001 728 1164 762 marchio,

199 798 212 813 n
239 795 297 824 ego
313 785 516 816 Theobaldus
532 783 689 820 marchio,
707 791 764 820 ego
780 791 886 812 comes
903 782 1111 812 Her-mannus
1129 781 1167 811 de

199 852 211 864 n
238 838 390 874 Saxonia,
404 846 462 875 ego
474 837 663 867 F'redericus
676 835 835 874 palatinus
847 843 952 865 comes
966 834 1004 864 de
1016 834 1165 869 Saxouia,

199 904 212 918 υ
239 891 456 929 Berengarius
472 889 636 921 comes-de
654 889 818 923 Bawaria,
836 897 893 925 ego
909 887 1100 917 Godefridus
1117 896 1167 917 co-

199 957 212 971 „
238 953 321 981 mes,
339 952 397 981 ego
418 943 609 973 Fredericus
630 942 729 978 Saxo,
747 950 805 978 ego
825 941 912 971 Cono
936 941 1030 969 frater
1048 940 1169 970 Beren-

201 1010 212 1023 »
237 997 336 1035 garli,
354 1005 411 1033 ego
429 995 585 1034 sigeboth
604 995 642 1025 de
662 994 826 1030 Bawaria,
847 1002 904 1032 ego
924 993 1085 1023 Henricus
1104 994 1168 1022 dux

201 1061 214 1077 n
240 1049 279 1079 de
301 1049 486 1085 Carinfflia,
511 1057 569 1087 ego
593 1047 762 1078 Bertoldus
789 1046 874 1076 filius
899 1046 989 1075 ducis
1016 1045 1168 1081 Bet-loidi,

199 1115 214 1130 »
238 1111 297 1141 ego
313 1102 464 1132 Albertus
481 1101 705 1137 cancellarius,
724 1109 788 1130 nou
806 1108 859 1129 ero
875 1100 907 1129 in
927 1099 1006 1129 facto
1022 1102 1076 1128 aut
1091 1107 1169 1129 con-

202 1168 214 1182 ι)
239 1155 314 1186 silio
341 1160 374 1185 ut
401 1155 542 1186 domnus
568 1163 648 1193 papa
677 1153 840 1183 Paschalis
870 1152 1030 1182 secundus
1060 1151 1171 1190 perdat

200 1221 214 1235 »
240 1212 386 1247 papatum
408 1208 592 1238 Romanum
617 1207 667 1237 vel
685 1208 782 1236 vitam
806 1206 853 1235 vel
878 1205 1024 1235 membra
1045 1204 1095 1234 vel
1118 1212 1171 1234 ca-

200 1274 215 1288 »
239 1262 346 1300 piatur
362 1261 447 1290 mala
469 1261 627 1300 captione.
649 1261 686 1290 Et
702 1261 729 1289 si
744 1269 798 1289 rex
818 1260 1040 1297 juramentum
1062 1258 1121 1287 hoc
1143 1262 1173 1287 et

201 1327 215 1342 n
240 1323 276 1344 ea
291 1323 353 1353 que
370 1315 405 1343 in
421 1319 508 1344 carta
521 1314 746 1344 conventionis
763 1313 878 1351 scripta
895 1317 971 1342 sunt
984 1320 1048 1341 non
1064 1311 1173 1341 obser-

200 1379 213 1394 ›·.
239 1368 374 1403 vaverit‚
389 1375 446 1405 ego
462 1375 536 1396 cum
554 1367 676 1397 honore
693 1375 764 1396 meo
781 1365 819 1395 ad
836 1365 990 1395 domnum
1012 1372 1124 1403 papam
1144 1367 1173 1394 et

202 1432 216 1447 n
240 1419 279 1449 ad
300 1419 480 1449 Romanam
506 1419 672 1449 ecclesiam
699 1428 750 1448 me
775 1418 899 1448 tenebo.
923 1417 977 1447 Sic
999 1417 1174 1447 observabo

204 1484 218 1499 n
242 1472 362 1502 domno
380 1481 459 1511 pape
478 1472 550 1501 sine
568 1471 680 1501 fraude
697 1475 726 1501 et
743 1470 827 1500 malo
843 1471 975 1508 iugenio
992 1470 1018 1499 si
1035 1470 1174 1499 domnus

205 1538 218 1552 n
243 1534 323 1564 papa
347 1525 393 1555 sic
418 1524 643 1563 adimpleverit
665 1524 785 1554 domno
809 1527 917 1552 nostro
940 1523 1007 1560 regi
1031 1522 1175 1561 proximo

205 1591 219 1605 n
245 1578 297 1608 die
322 1577 487 1608 dominico
511 1578 593 1607 sicut
613 1577 647 1606 in
671 1576 894 1606 conventionis
915 1579 1000 1605 carta
1021 1575 1174 1613 scriptum

207 1644 219 1658 n
245 1635 302 1662 est.
322 1632 438 1661 Actum
455 1631 557 1661 Sutrii
572 1631 605 1660 in
623 1631 737 1667 burgo,
755 1639 775 1658 v
790 1629 861 1659 idus
879 1628 1043 1658 februarii.
1064 1640 1075 1653 n

247 1685 321 1714 Post
336 1683 396 1714 hec
409 1684 496 1713 idem
514 1693 568 1713 rex
586 1683 724 1713 Romam
742 1682 876 1712 accessit
891 1690 937 1710 1111
954 1681 1026 1710 idus
1049 1681 1174 1710 februa—

205 1738 257 1774 rii,
275 1738 309 1766 iu
327 1737 456 1767 sabbato
471 1736 621 1766 videlicet
635 1740 709 1765 ante
727 1735 1051 1773 Quinquagesimam.
1067 1734 1176 1763 Altero

205 1790 256 1820 die
278 1790 407 1820 obviam
426 1790 455 1819 ei
473 1790 613 1819 domnus
635 1797 714 1827 papa
737 1788 827 1818 misit
847 1788 880 1816 iu
899 1791 1040 1816 montem
1058 1787 1176 1817 Gaudii

205 1844 261 1882 qui
287 1847 318 1872 et
341 1851 434 1872 mons
460 1842 566 1871 Malus
595 1842 714 1871 dicitur
742 1841 914 1878 signiferos
941 1850 1014 1869 cum
1046 1840 1176 1875 bandis,

206 1896 411 1931 scriniari05‚
428 1895 553 1934 judices
568 1900 599 1924 et
614 1899 773 1924 stratores.
799 1894 939 1923 Maxima
954 1895 1048 1922 etiam
1070 1893 1178 1932 populi

205 1948 379 1979 multitudo
395 1948 425 1978 ei
441 1957 514 1978 cum
533 1949 634 1977 ramis
654 1947 803 1977 occurrit.
830 1947 900 1976 Duo
921 1947 1011 1985 juxta
1035 1947 1178 1984 priorum

206 2003 437 2041 imperatorum
459 2001 731 2032 consuetudinem
749 2001 950 2039 juramenta,
971 2008 1070 2029 unum
1089 2001 1180 2038 juxta

207 2055 434 2095 ponticellum,
454 2055 594 2084 alterum
611 2059 686 2084 ante
702 2058 826 2092 portam
845 2053 995 2091 porticus,
1015 2053 1179 2082 Romano-

208 2118 281 2139 rum
307 2108 422 2147 populo
443 2108 528 2138 fecit.
556 2109 642 2137 Ante
665 2111 789 2146 portam
812 2115 830 2136 a
847 2106 975 2141 Judeis,
997 2106 1031 2135 ir.
1054 2109 1142 2144 porta
1165 2115 1182 2135 a

208 2161 319 2191 Grecis
349 2161 507 2191 cantando
534 2163 683 2198 exceptus
709 2165 766 2189 est.
798 2159 872 2188 Illic
900 2159 1008 2189 omnis
1038 2159 1182 2188 Romane

210 2214 299 2244 urbis
319 2213 426 2243 clerus
446 2222 482 2242 ex
505 2212 669 2251 pontificis
688 2216 834 2251 precepto
852 2215 1045 2241 convenerat
1061 2216 1092 2240 et
1108 2220 1180 2241 eum

211 2276 247 2297 ex
272 2276 354 2306 equo
375 2266 624 2296 descendentem
649 2275 749 2304 usque
769 2265 807 2295 ad
829 2266 929 2294 sancti
956 2265 1038 2295 Petri
1064 2265 1183 2302 gradus

212 2329 287 2350 cum
312 2319 463 2349 laudibus
493 2318 706 2348 deduxerunt.
739 2318 821 2348 Cum
847 2327 921 2348 vero
950 2318 986 2347 ad
1019 2318 1184 2356 superiora

211 2373 372 2411 graduum
399 2371 614 2408 ascendisset,
642 2371 709 2401 illic
730 2371 872 2401 domnus
897 2379 976 2409 papa
999 2379 1071 2400 cum
1097 2370 1182 2409 epis-

212 2425 300 2464 copis
315 2424 475 2464 pluribus,
493 2433 566 2454 cum
583 2423 802 2454 cardinalibus
819 2424 1013 2463 presbyteris
1031 2427 1060 2452 et
1075 2423 1184 2453 diaco-

211 2478 324 2516 nibus,
344 2487 418 2508 cum
442 2477 695 2507 subdiaconibus
718 2481 748 2507 et
772 2477 886 2507 ceteris
911 2476 995 2506 scole
1016 2481 1184 2506 cantorum

212 2531 372 2561 ministris
386 2531 492 2561 affuit.
512 2530 564 2560 Ad
579 2531 672 2569 cujus
689 2530 822 2568 vestigia
838 2538 912 2560 cum
929 2538 982 2559 rex
999 2529 1183 2564 corruisset,

212 2588 282 2623 post
298 2583 416 2622 pedum
438 2583 549 2614 oscula
568 2583 609 2613 ad
629 2583 693 2613 oris
713 2583 822 2613 oscula
842 2582 985 2612 elevatus
1001 2586 1056 2612 est.
1076 2582 1137 2612 Ter
1153 2591 1186 2612 se

213 2637 358 2668 invicem
377 2636 552 2676 complexi,
572 2640 618 2666 ter
635 2645 670 2666 se
690 2636 831 2666 invicem
849 2635 984 2666 osculati
1002 2639 1090 2665 sunt.
1114 2635 1185 2664 Mox

213 2690 378 2720 dexteram
405 2689 566 2729 pontificis
594 2693 727 2726 tenens,
750 2697 824 2718 cum
851 2697 970 2726 magno
996 2687 1187 2726 populorum

215 2743 332 2781 gaudio
348 2746 378 2772 et
395 2742 535 2772 clamore
550 2742 591 2771 ad
607 2746 728 2780 portam
747 2741 893 2780 pervenit
910 2743 1118 2779 Argenteam.
1139 2740 1188 2769 Ibi

217 2805 254 2826 ex
269 2795 351 2825 libro
366 2795 597 2834 professionem
611 2795 852 2833 imperatoriam
871 2794 944 2824 fecit
959 2798 989 2823 et
1003 2803 1022 2823 a
1037 2792 1188 2832 pontifice

208 2978 223 2998 2
239 2979 392 2997 amanteum
408 2975 460 2997 etc.
479 2980 516 2998 m.
527 2974 680 3002 posteriori
691 2972 712 2997 C
723 2986 754 2990 -
765 2977 795 2998 22
809 2973 875 2996 Post
887 2972 948 3002 hec]
963 2974 994 2995 ιη
1008 2973 1137 3000 mar-ymo
1149 2969 1187 2994 C:

178 3017 231 3042 Hic
247 3018 359 3041 intravit
376 3018 527 3048 imperator
543 3017 655 3041 Urbem.

1287 411 1459 448 imperator
1478 410 1665 448 designatus
1683 415 1729 439 est
1747 415 1777 440 et
1797 411 1912 440 iterum
1930 420 1947 439 a
1965 410 2114 448 pontifice
2129 410 2254 440 oscula-

1289 466 1349 491 tus.
1372 463 1443 492 Mox
1468 472 1562 500 super
1584 472 1656 492 euin
1680 463 1857 492 orationem
1885 463 2018 501 primam
2040 462 2122 491 sicut
2145 463 2177 491 in
2201 471 2252 492 or-

1287 514 1362 544 dine
1387 515 1571 544 coutinetur
1592 515 1767 544 Lavicanus
1793 516 1956 552 episcopus
1980 515 2063 544 fecit.
2092 515 2164 544 Post
2190 515 2254 544 im-

1287 576 1434 605 gressum
1447 567 1586 604 basilice,
1601 577 1672 597 cum
1688 568 1720 597 iu
1739 573 1803 597 rota
1819 568 2031 606 porfireticam
2045 568 2253 605 pervenisset,

1289 620 1397 658 positis
1416 620 1566 658 utrinque
1583 620 1711 649 sedibus
1726 621 1951 650 consederunt.
1974 620 2116 649 Pontifex
2135 620 2253 649 refuta-

1290 672 1407 702 tionem
1427 673 1615 702 investiture
1633 678 1660 701 et
1677 678 1779 702 cetera
1795 682 1856 711 que
1878 674 1909 701 in
1929 673 2151 702 conventionis
2170 677 2256 702 carta

1290 725 1406 763 scripta
1430 725 1555 754 fueraut
1577 726 1754 763 requisivit,
1772 730 1898 763 paratus
1917 730 1947 754 et
1968 725 2034 764 ipse
2053 734 2114 762 que
2135 726 2167 754 in
2192 725 2255 754 alia

1290 777 1512 807 conventionis
1529 782 1615 806 carta
1631 778 1746 815 scripta
1764 778 1887 806 fuerant
1903 777 1988 806 adim
1997 777 2091 815 plere.
2108 777 2165 806 Ille
2181 786 2255 806 cum

1291 830 1446 868 episcopis
1469 830 1535 858 suis
1557 834 1586 858 ct
1608 830 1803 868 principibus
1825 830 1953 859 secessit
1973 830 2005 858 iu
2026 833 2144 867 partem
2164 830 2255 867 juxta

1291 883 1508 912 secretarium.
1528 883 1583 919 ,Ibi
1601 883 1724 911 (liutius
1741 883 1823 920 quod
1839 883 1884 912 eis
1901 882 2016 920 placuit
2032 886 2256 911 tractaverunt.

1293 935 1329 964 Iu
1347 944 1410 974 quo
1427 940 1559 964 tractatu
1578 936 1793 964 interfuerunt
1813 935 2042 971 Longobardici
2061 934 2254 972 episcopitii,

1295 988 1477 1018 Beruardus
1500 988 1700 1023 bunnensis,
1726 988 1944 1016 Bonus-senior
1966 987 2154 1024 ltcgitanus,
2179 986 2260 1015 Aldo

1292 1041 1514 1071 Placentinus.

1332 1092 1413 1122 Cum
1445 1098 1549 1122 autem
1578 1093 1706 1130 longior
1735 1102 1768 1122 se
1797 1093 1872 1121 liora
1905 1092 2121 1130 protraheret,
2154 1091 2260 1120 missis

1295 1147 1423 1176 nuntiis
1447 1147 1584 1184 pontifex
1608 1146 1832 1175 conventionis
1852 1145 2030 1183 supradicte
2053 1150 2193 1173 tenorem
2212 1153 2259 1174 re-

1295 1200 1371 1238 p'etit
1387 1198 1570 1236 adimpleri.
1582 1199 1672 1227 Tunc
1688 1198 1824 1236 episcopi
1843 1198 2032 1235 transalpini
2048 1197 2085 1226 ad
2105 1197 2261 1235 pontificis

1296 1252 1430 1288 vestigia
1447 1256 1638 1280 corruerunt
1655 1251 1736 1280 etad
1754 1250 1862 1280 oscula
1878 1255 2098 1279 surrexerunt.
2117 1250 2178 1279 Sed
2197 1253 2264 1287 post

1296 1304 1465 1343 paululum
1484 1303 1658 1332 familiares
1678 1304 1760 1340 regis
1777 1303 1864 1331 dolos
1882 1311 1954 1331 suos
1973 1302 2123 1339 paulatim
2142 1302 2264 1339 aperire

1296 1362 1460 1396 ceperunt,
1475 1357 1616 1386 dicentes
1633 1357 1786 1394 scriptum
1802 1355 1880 1384 illud
1896 1355 1978 1394 quod
1996 1355 2178 1384 condictum
2198 1355 2262 1383 fue-

1296 1416 1345 1440 rat
1372 1419 1435 1440 non
1463 1419 1553 1449 posse
1579 1410 1701 1438 firmari
1725 1410 1912 1438 auctoritate
1934 1413 1963 1437 et
1981 1408 2122 1446 justicia.
2141 1407 2264 1443 Quibus

1296 1473 1372 1494 cum
1388 1462 1574 1501 evangelica
1589 1468 1618 1492 et
1632 1461 1804 1500 apostolica
1816 1462 1976 1491 obiceretu
1984 1471 1996 1489 r
2009 1461 2178 1489 auctoritas
2191 1460 2267 1497 quia

1297 1522 1328 1547 el.
1346 1518 1497 1546 reddenda
1516 1523 1588 1545 sunt
1606 1516 1709 1545 Cesari
1730 1525 1786 1552 que
1801 1522 1871 1544 snut
1893 1515 2011 1543 Cesaris
2026 1517 2055 1542 et
2072 1513 2161 1542 Nemo
2181 1513 2266 1541 mili-

1299 1577 1367 1600 tans
1384 1571 1438 1599 Deo
1456 1570 1592 1606 implicat
1610 1578 1640 1597 se
1656 1570 1782 1605 neqott'is
1797 1568 1993 1602 secularibus,
2011 1565 2127 1595 nedum
2146 1564 2267 1594 milita-

1299 1624 1400 1658 ribus,
1417 1631 1490 1652 cum
1509 1630 1674 1651 armorum
1692 1630 1768 1650 usus
1785 1619 1962 1650 secundum
1982 1619 2109 1648 beatum
2129 1618 2267 1647 Ambro-

1299 1671 1384 1706 sium
1403 1676 1442 1705 ab
1457 1674 1627 1713 episcopali
1650 1674 1750 1703 offitio
1773 1674 1900 1702 alienus
1921 1673 1977 1707 sit;
1995 1681 2068 1701 cum
2085 1672 2142 1701 hec
2159 1675 2189 1700 et
2203 1670 2267 1700 alia

1299 1730 1364 1759 illis
1389 1728 1563 1767 apostolica
1586 1731 1615 1757 et
1637 1727 1792 1756 canonica
1815 1725 1954 1763 capitula
1974 1725 2194 1759 obicerentur,
2217 1723 2267 1752 illi

1301 1787 1406 1812 tamen
1425 1782 1458 1810 in
1476 1780 1643 1810 dolositate
1660 1789 1715 1809 sua
1730 1784 1759 1808 et
1775 1778 1946 1816 pertinatia
1961 1777 2202 1815 permanebant.

1341 1835 1421 1865 Cum
1439 1836 1504 1872 jam
1525 1834 1593 1862 dies
1610 1832 1784 1862 declinaret
1803 1832 1835 1860 in
1856 1839 2032 1868 vesperam,
2048 1829 2231 1859 consultum
2251 1837 2269 1857 a

1300 1888 1452 1917 fratribus
1471 1891 1517 1916 est
1539 1891 1570 1915 nt
1587 1895 1639 1915 rex
1659 1885 1770 1915 eodem
1786 1884 1836 1913 die
1857 1886 2074 1918 coronaretur,
2090 1886 2268 1911 ceterorum

1304 1945 1452 1971 tractatus
1476 1941 1508 1968 iu
1535 1944 1723 1977 sflqueutem
1755 1936 1964 1966 ebdomadam
1992 1935 2189 1964 differretur.
2216 1933 2269 1963 Illi

1303 1995 1398 2024 etiam
1419 1994 1476 2022 iioc
1492 1992 1630 2021 aversati
1649 1996 1732 2020 suut.

1344 2048 1432 2076 Inter
1459 2046 1515 2074 liec
1541 2050 1603 2074 tam
1630 2044 1770 2082 pontifex
1795 2051 1892 2080 quam
1915 2049 2028 2071 omues
2053 2040 2108 2078 qui
2133 2049 2205 2069 cum
2235 2047 2271 2069 eo

1305 2105 1396 2130 eraut
1412 2108 1430 2128 a
1447 2098 1602 2127 militibus
1621 2097 1752 2125 armatis
1773 2093 2047 2124 custodiebantur.
2066 2093 2125 2121 Vix
2145 2092 2272 2121 tandem

1305 2153 1343 2182 ad
1355 2151 1453 2181 altare
1467 2151 1496 2180 b.
1511 2150 1599 2180 Petri
1616 2158 1671 2188 pro
1683 2147 1852 2177 audiendis
1867 2146 1963 2176 misse
1976 2145 2084 2175 offitiis
2097 2143 2274 2182 cou[s]cen-

1306 2207 1434 2239 derunt,
1452 2204 1503 2233 vix
1521 2204 1560 2232 ad
1579 2206 1780 2232 sacramenta
1797 2200 1909 2229 diviua
1927 2198 2125 2228 conficienda
2147 2206 2272 2235 panem,

1307 2260 1419 2289 vinum
1448 2262 1477 2287 et
1500 2265 1617 2295 aquam
1640 2255 1787 2284 iuvenire
1815 2256 1993 2291 potueruut.
2023 2251 2096 2280 Post
2124 2251 2272 2285 missam,

1306 2322 1342 2342 ex
1364 2311 1515 2341 cathedra
1535 2308 1728 2338 descendere
1755 2305 1937 2344 compulsus
1964 2304 2101 2342 pontifex
2126 2303 2273 2332 deorsum

1307 2369 1381 2396 aute
1397 2363 1634 2394 confessionem
1653 2360 1736 2390 beati
1754 2359 1839 2388 Petri
1856 2367 1927 2387 cum
1946 2357 2098 2385 fratribus
2115 2355 2211 2390 sedin
2233 2355 2275 2384 ibi

1310 2428 1410 2457 usque
1432 2417 1470 2447 ad
1493 2416 1594 2446 noctis
1618 2414 1762 2444 tenebras
1784 2421 1858 2441 cum
1879 2410 2009 2440 armatis
2031 2409 2189 2437 militibus
2205 2417 2276 2437 cus-

1309 2472 1438 2502 toditur.
1460 2468 1593 2499 Indead
1611 2466 1785 2504 hospitium
1805 2468 1891 2493 extra
1913 2462 2042 2491 ecclesie
2064 2462 2179 2490 atrium
2201 2469 2274 2489 cum

1309 2525 1460 2555 fratribus
1479 2522 1633 2551 deductus
1651 2524 1706 2547 est.
1724 2518 1819 2555 Capta
1836 2521 1882 2545 est
1897 2524 1969 2544 cum
1987 2523 2023 2543 eo
2040 2518 2070 2543 et
2085 2513 2274 2542 clericorum

1309 2583 1340 2608 et
1360 2577 1516 2607 laicorum
1540 2572 1741 2603 numerosior
1758 2568 1940 2598 multitudo.
1959 2567 2022 2602 Qui
2038 2571 2145 2595 autem
2165 2574 2274 2595 evase-

1310 2635 1386 2661 runt
1400 2630 1455 2659 alii
1471 2627 1632 2665 expoliati,
1650 2624 1708 2653 alii
1724 2623 1852 2661 gravius
1870 2620 2026 2650 verberati
2043 2624 2127 2649 sunt.

1352 2683 1463 2712 Factus
1489 2684 1533 2709 est
1558 2679 1654 2716 igitur
1678 2678 1709 2705 iu
1732 2676 1806 2704 urb:
1826 2678 1886 2703 tota
1904 2672 2091 2710 repentinus
2109 2671 2274 2707 tumultus,

1311 2736 1402 2766 dolor
1418 2738 1446 2763 et
1460 2732 1611 2770 gemitus.
1633 2730 1759 2758 Postera
1776 2727 1826 2755 die
1846 2725 1979 2755 [tomani
1996 2724 2148 2753 adversus
2164 2724 2277 2753 Teuto-

1314 2788 1402 2817 nicos
1422 2785 1530 2815 acrius
1546 2784 1780 2821 pugnaverunt.
1797 2779 1874 2807 adeo
1890 2783 1922 2806 ut
1939 2786 1990 2806 eos
2007 2786 2042 2805 ex
2060 2777 2181 2814 porticu
2199 2784 2277 2813 pene

1314 2840 1522 2880 propuleriut.
1547 2836 1642 2866 Unde
1661 2839 1766 2862 tantus
1783 2841 1835 2861 eos
1854 2837 1953 2859 terror
1972 2830 2086 2858 invasit
2111 2835 2141 2858 ut
2162 2839 2215 2866 per
2234 2834 2278 2858 to-

1315 2901 1380 2924 tum
1408 2899 1546 2929 sequens
1573 2888 1706 2916 biluum
1733 2886 1785 2914 die
1811 2889 1839 2913 et
1866 2887 1954 2911 noi-le
1980 2883 2010 2910 in
2037 2883 2134 2910 armis
2160 2887 2276 2911 essent.

1314 2948 1413 2976 Porro
1435 2952 1506 2972 ‹·u:u
1530 2951 1562 2969 se
1581 2939 1715 2969 llomzini
1738 2938 1787 2966 «lie
1808 2937 1897 2966 tortio
1915 2935 2061 2964 cominu-¹
2085 2939 2279 2972 pugnaturos

1314 3000 1567 3038 proposuissent,
1592 2993 1637 3021 illi
1666 2998 1755 3020 nocte
1779 2990 1847 3028 ipsa
1871 2994 1956 3017 tanto
1985 2993 2068 3015 metu
2095 2996 2130 3015 ex
2159 2987 2277 3024 porticu
