2434 3530
79 919 104 939 10

77 1184 103 1204 ¹5

77 1447 103 1468 20

75 1714 102 1734 25

76 1978 102 1997 30

75 2244 100 2264 35

73 2508 101 2527 40

682 366 732 396 LE
756 366 902 396 LIBER
923 364 1158 396 CENSUUM
1182 364 1236 394 DE
1260 356 1447 396 L‘E'GLISE
1468 366 1680 398 ROMAINE.
2174 363 2234 394 357

175 441 286 463 ronam
303 432 472 462 investitus
492 436 588 470 atque
607 432 800 462 constitutus
821 441 892 469 rex,
916 431 973 461 tibi
988 431 1140 467 devoveo,

174 484 314 525 spondeo
324 490 352 515 et
365 485 517 524 polliceor
529 495 578 515 me
588 485 896 516 incommutabiliter
906 486 1140 524 completurum

174 541 284 570 omnia
314 549 376 579 que
407 540 489 570 mihi
521 544 573 569 tua
604 540 779 570 reverenda
808 540 950 579 ianngit
977 539 1140 576 sanctitas,

174 593 325 623 videlicet
348 598 382 623 ut
401 594 432 622 iu
450 593 603 624 omnihus
626 597 656 622 et
679 603 733 632 per
753 594 864 623 omnia
881 592 1053 632 apostolice
1074 592 1140 622 sedi

175 645 270 675 tidem
287 645 454 675 observem
471 649 501 674 et
515 645 671 684 quicquid
693 646 751 675 hoc
769 645 801 675 in
819 653 918 682 regno
934 648 998 674 tam
1014 649 1139 682 aposto-

175 698 236 728 lica
257 698 348 728 sedes
370 707 467 737 quam
492 699 542 728 sui
566 698 663 736 legati
689 702 864 728 sanxerunt
887 702 942 728 aut
963 698 1139 734 sanxerint,

174 752 439 782 irrevincibiliter
456 752 652 788 custodiam;
673 752 831 790 justitiam
857 751 1019 788 excolam;
1041 751 1140 781 eccle-

175 806 238 835 sias
271 805 463 842 del‘endam3
496 804 654 843 primitie,
688 804 827 841 decime,
860 805 1074 843 omniumque
1102 805 1140 834 ad

175 858 324 889 ecclesias
344 857 578 897 pertinentium
599 861 785 896 procurator
805 857 958 894 existam3
980 858 1042 887 vite
1059 858 1141 896 epis-

174 921 342 951 coporum,
370 911 648 950 presbyterorum,
675 910 903 947 diaconorum,
929 910 1140 940 subdiacono-

174 973 323 1003 rumque,
354 967 388 993 ut
409 967 493 993 caste
516 968 546 993 et
569 963 760 1001 regulariter
784 963 911 999 vivant,
938 964 1140 1002 provideam;

173 1025 346 1056 pauperes,
370 1016 484 1046 viduas
504 1021 600 1055 atque
622 1016 757 1055 pupillos
777 1021 957 1055 protegam;
980 1016 1141 1055 parentele

173 1069 318 1100 illicitam
343 1069 488 1108 copulam
510 1069 695 1105 destruens,
720 1069 898 1107 legitimam
917 1069 1023 1099 dotem
1045 1069 1142 1099 anulo

174 1123 411 1162 sacerdotisque
428 1122 652 1152 benedictione
668 1122 873 1158 constituam,
890 1127 919 1152 et
935 1122 1141 1152 constitutam

173 1176 335 1214 corrumpi
371 1184 435 1205 non
474 1176 656 1213 permittam
674 1186 681 1211 3
715 1174 886 1205 hominum
919 1175 1142 1205 venditionem

174 1229 410 1264 contradicam;
437 1233 532 1267 atque
556 1229 586 1257 in
613 1228 766 1258 omnibus
788 1237 850 1267 que
875 1229 914 1258 ad
938 1228 1142 1258 rectitudinis

173 1287 288 1312 statum
307 1286 501 1319 congruunt,
519 1281 585 1310 Deo
598 1285 738 1318 auctore,
757 1290 810 1311 me
826 1290 944 1320 equum
959 1281 1140 1310 exhibeam.

174 1336 393 1366 Ducentorum
416 1343 546 1373 quoque
572 1334 786 1364 bizantiorum
814 1334 970 1364 tributum
996 1342 1140 1364 meorum

172 1388 321 1419 omnium
345 1387 494 1418 consultu
520 1387 718 1425 primatuum
743 1392 853 1418 sancto
878 1388 971 1417 Petro
994 1397 1049 1426 per
1073 1387 1142 1416 sin-

172 1441 264 1480 gulos
275 1449 378 1471 annos
390 1441 423 1470 in
437 1441 685 1471 Resurrectione
697 1441 831 1471 Domini
843 1441 882 1471 de
896 1440 979 1470 mihi
992 1449 1143 1471 concesso

173 1503 273 1532 regno
287 1493 512 1532 persolvendos
528 1498 642 1530 statuo,
658 1498 689 1524 et
703 1497 737 1524 ut
752 1498 821 1532 post
836 1503 888 1524 me
902 1494 1066 1531 regnaturi
1083 1494 1142 1523 hoc

172 1547 258 1578 idem
282 1551 411 1577 servent
432 1555 566 1582 censeo,
593 1547 762 1577 corroboro
784 1552 882 1585 atque
903 1547 1025 1576 sanxio.
1050 1547 1142 1576 Dono

170 1601 315 1639 insuper,
333 1600 471 1629 concedo
487 1604 581 1638 atque
596 1600 752 1629 confirmo
765 1600 937 1638 apostolice
953 1599 1020 1629 sedi
1039 1600 1141 1629 sancti

172 1653 318 1691 Gregorii
334 1652 564 1682 monasterium
579 1653 632 1682 cui
653 1653 762 1682 Urana
779 1657 825 1682 est
840 1652 1048 1688 vocabulum,
1067 1661 1139 1682 cum

171 1707 262 1737 omni
284 1715 342 1735 suo
366 1706 532 1740 thesauro,
550 1705 671 1736 scilicet
689 1715 763 1735 cum
780 1715 874 1744 capsa
893 1709 1043 1744 argentea
1065 1705 1139 1735 reli-

169 1759 264 1798 quias
278 1759 360 1788 sacri
373 1759 512 1797 corporis
527 1758 670 1797 ejusdem
683 1759 765 1788 beati
780 1759 928 1797 Gregorii
940 1759 1138 1796 continente,

170 1821 244 1842 cum
274 1811 398 1841 duabus
424 1812 593 1848 crucibus,
624 1821 697 1842 cum
723 1811 822 1842 calice
848 1816 878 1842 et
906 1816 1035 1851 patena,
1065 1821 1139 1842 cum

170 1864 294 1895 duabus
309 1865 436 1894 coronis
457 1864 562 1894 aureis
585 1865 722 1902 gemmis
742 1865 880 1901 ornatis,
904 1874 976 1895 cum
1000 1875 1139 1903 evange-

169 1917 287 1948 liorum
307 1921 390 1947 textu
407 1918 446 1947 de
464 1922 614 1955 argento,
632 1927 770 1956 cumque
785 1918 938 1948 omnibus
954 1918 1020 1947 suis
1037 1919 1140 1948 mobi-

169 1971 254 2001 libus
283 1975 313 2000 et
337 1971 560 2000 immobilibus
583 1971 695 2007 bonis,
724 1976 757 2000 ut
784 1971 887 2000 sancti
915 1971 1000 2000 Petri
1026 1971 1139 2008 legatis

170 2033 296 2062 semper
307 2025 347 2053 sit
362 2024 401 2053 ad
417 2024 593 2062 hospitium
607 2028 633 2053 et
649 2026 782 2053 omnino
797 2025 830 2053 in
845 2027 996 2062 potestate
1010 2032 1136 2059 eorum,

169 2077 229 2107 hoc
256 2081 362 2106 tamen
389 2077 581 2115 interposito
609 2081 717 2107 tenore
744 2082 777 2106 ut
803 2076 884 2106 nulli
911 2076 966 2105 alii
993 2077 1138 2115 potestati

169 2130 279 2165 detur,
296 2130 350 2159 sed
367 2130 457 2160 omni
476 2134 536 2160 tem
545 2139 616 2169 pore
634 2130 737 2159 sancti
758 2130 844 2159 Petri
862 2130 901 2159 sit
922 2130 1086 2168 proprium
1110 2134 1139 2159 et

167 2193 185 2213 a
202 2193 252 2213 me
267 2184 412 2222 meisque
429 2184 668 2214 successoribus
684 2184 853 2213 desensum
877 2188 972 2222 atque
993 2183 1031 2212 ab
1048 2184 1138 2212 omni

168 2237 303 2267 homine
319 2237 456 2266 liberum
475 2241 504 2266 et
518 2245 680 2266 securum.
696 2236 938 2274 Cujuscumque
953 2240 1059 2265 autem
1079 2245 1136 2265 au-

169 2289 255 2319 datia
277 2290 445 2319 temerario
461 2298 541 2318 ausu
564 2289 719 2327 prelatum
745 2289 976 2318 monasterium
1003 2298 1039 2317 ex
1056 2289 1137 2317 assi-

169 2347 266 2381 gnato
297 2343 445 2372 thesauro
476 2342 666 2380 privaverit,
697 2341 873 2371 terribilem
903 2341 992 2370 illam
1019 2341 1138 2379 judicis

169 2404 281 2425 vocem
300 2403 398 2433 quam
419 2393 567 2424 diabolus
585 2403 656 2424 cum
678 2394 744 2423 suis
761 2393 886 2432 angelis
903 2393 1073 2423 auditurus
1092 2398 1139 2422 est

169 2448 288 2479 audiat.
310 2449 475 2483 Preterea,
497 2457 568 2477 cum
595 2448 660 2477 Deo
683 2447 805 2476 servire
829 2456 964 2484 regnare
987 2447 1045 2482 sit,
1071 2447 1138 2475 vice

169 2501 252 2531 beati
278 2501 363 2530 Petri
384 2505 413 2530 et
433 2500 544 2530 domni
571 2501 669 2530 nostri
691 2509 767 2538 pape
790 2499 937 2537 Gregorii
955 2504 1051 2537 atque
1072 2503 1139 2538 post

169 2563 202 2584 se
229 2562 430 2584 sessurorum
455 2553 489 2582 iu
514 2552 687 2591 apostolica
713 2553 785 2581 sede
813 2561 864 2581 me
894 2553 957 2581 tuis
987 2552 1138 2581 manibus

169 2607 331 2637 committo
345 2610 373 2635 et
391 2606 619 2636 committendo
636 2605 718 2635 lianc
735 2605 921 2635 fidelitatem
939 2608 1138 2634 sacramento

169 2659 305 2689 stabilio.
324 2660 398 2697 Ego.
416 2660 560 2698 inquam,
580 2659 763 2689 Demetrius
779 2659 834 2697 qui
851 2663 880 2688 et
897 2658 1059 2688 Suiminir
1078 2658 1137 2687 Dei

161 2862 167 2882 Ι
184 2863 214 2880 ac
229 2856 248 2879 B
267 2870 293 2873 —
310 2861 323 2880 9
337 2856 480 2879 ecclesiam
495 2855 515 2879 B
533 2869 560 2872 —
579 2859 604 2880 13
618 2855 681 2878 dote
694 2855 715 2879 D
732 2868 761 2872 —
777 2856 874 2878 anulos
889 2855 908 2878 B
923 2859 993 2879 -14
1006 2855 1136 2878 bencdic-

128 2901 232 2924 tionem
244 2900 264 2923 Β
278 2913 306 2916 -
319 2900 467 2923 constituta
481 2899 502 2923 D
515 2913 544 2916 —
559 2905 582 2924 16
596 2907 626 2922 ac
640 2900 660 2923 Β
674 2912 701 2916 -
715 2899 909 2922 rectitudinem
922 2898 944 2922 D
958 2911 984 2916 --
999 2904 1022 2923 17
1037 2905 1137 2928 equum

129 2951 185 2968 orn.
203 2944 223 2967 B
240 2957 269 2960 —
287 2949 310 2968 18
326 2944 446 2974 quoquc]
464 2951 516 2974 que
534 2943 554 2966 B
571 2957 599 2960 —
617 2949 640 2968 19
656 2944 783 2966 consulto
799 2943 820 2965 D
837 2955 866 2959 —
881 2947 904 2967 21
924 2942 1135 2972 persolvendum

129 2988 201 3012 ABD
224 3002 251 3005 —
273 2993 302 3013 26
319 2989 390 3011 beati
407 2995 462 3011 01η.
480 2988 500 3011 Β
522 3001 551 3005 .-
572 2992 601 3013 35
621 2987 737 3010 audacia
759 2988 779 3010 A
799 2999 829 3003 —
849 2991 873 3011 101
896 2992 1087 3009 successorum
1104 2985 1135 3013 Β,

128 3039 268 3056 sessurum
286 3033 307 3056 D
325 3046 352 3049 —
368 3037 398 3057 ⁴¹02
414 3032 600 3063 promittendo
616 3032 639 3055 A

1265 431 1367 469 gratia
1381 436 1412 461 et
1426 433 1595 471 apostolice
1609 434 1694 464 sedis
1709 434 1792 465 dono
1803 443 1854 464 rex
1869 435 1908 465 ab
1922 435 1981 465 hac
1995 435 2074 465 hora
2088 435 2122 464 in
2137 438 2233 465 antea

1265 489 1374 514 sancto
1388 485 1481 515 Petro
1494 487 1653 517 etdomno
1667 496 1736 518 meo
1750 497 1826 527 pape
1841 487 1995 526 Gregorio
2011 489 2142 527 suisque
2158 496 2232 520 suc-

1265 537 1445 567 cessoribus
1459 540 1613 570 canonice
1628 541 1823 572 intrantibus
1843 551 1897 572 ero
1920 542 2041 579 fideli5‚
2060 547 2090 573 et
2107 549 2140 574 ut
2157 543 2227 582 ipse

1265 590 1332 619 sive
1347 595 1415 628 post
1430 600 1503 620 eum
1521 592 1619 622 futuri
1633 594 1796 631 pontifices
1812 594 1880 625 sive
1896 595 1990 633 legati
2004 605 2115 626 eorum
2132 597 2230 628 vitam

1264 647 1319 671 aut
1342 643 1485 673 membra
1508 645 1641 683 perdant
1663 651 1719 675 aut
1736 648 1904 686 capiantur
1923 657 2026 687 neque
2043 650 2076 679 in
2093 649 2230 681 consilio

1266 703 1369 734 neque
1381 696 1412 725 in
1431 697 1510 727 facto
1526 706 1589 734 ero,
1604 703 1633 728 et
1646 699 1816 730 consilium
1833 701 1917 739 quod
1935 702 2014 731 mihi
2031 702 2231 733 crediderint

1265 748 1303 777 ad
1320 748 1449 779 illorum
1465 750 1639 790 dampnum
1654 754 1791 783 scienter
1807 754 1888 784 nulli
1903 755 2075 792 intimab03
2092 765 2230 794 regnum

1265 806 1371 831 autem
1397 803 1481 841 quod
1504 804 1586 834 mihi
1610 814 1664 843 per
1685 814 1817 835 manum
1843 811 1943 844 tuam,
1969 808 2077 839 donne
2099 809 2229 847 Gebizo,

1266 855 1400 884 traditur
1417 855 1553 886 fideliter
1572 858 1717 889 retinebo
1739 863 1767 888 et
1786 859 1864 889 illud
1885 869 2044 900 suumque
2061 863 2115 900 jus
2137 871 2232 902 apos-

1265 907 1357 938 tolice
1373 909 1440 938 sedi
1461 909 1570 948 aliquo
1592 910 1723 948 ingenio
1744 912 1916 951 aliquando
1935 923 1998 944 non
2015 915 2226 953 subtraham3

1264 961 1434 991 dominum
1450 971 1558 992 meum
1573 972 1686 1003 papam
1699 965 1891 1003 Gregorium
1908 972 2020 997 etsuos
2034 977 2233 1000 successores

1265 1018 1359 1052 atque
1375 1014 1510 1052 legatos,
1526 1016 1550 1045 si
1568 1017 1601 1045 in
1619 1026 1722 1047 meam
1739 1023 1924 1056 potestatem
1942 1021 2106 1056 venerint,
2126 1022 2231 1053 hono-

1265 1067 1352 1096 rifice
1373 1069 1546 1107 suscipiam
1570 1073 1599 1099 et
1620 1070 1752 1101 honeste
1777 1073 1914 1103 tractabo
1937 1077 1966 1103 et
1991 1075 2171 1112 remittam3
2200 1080 2232 1106 et:

1266 1121 1491 1161 undecumque
1510 1132 1561 1152 me
1576 1123 1802 1161 invitaverint,
1825 1131 1917 1164 prout
1936 1131 2041 1165 potero
2057 1129 2102 1158 eis
2121 1129 2231 1169 [iuste]

1265 1174 1525 1213 sempliciterque
1541 1177 1693 1207 serviam.

1225 1338 1368 1368 LXXIII
1385 1341 1421 1368 ⁹⁹.
1451 1357 1489 1361 —-
1520 1340 1567 1370 DE
1598 1350 1694 1372 cassu
1723 1351 1738 1372 c
1770 1352 1925 1373 cinnanum
1965 1355 2076 1376 naui-ro
2106 1357 2124 1375 A
2155 1356 2236 1377 nucis

1266 1392 1400 1422 Bosana.

1306 1498 1385 1527 Item
1403 1498 1438 1528 in
1456 1499 1594 1538 quodam
1613 1500 1758 1531 thomulo
1777 1502 1994 1540 Lateranensi,
2014 1505 2097 1535 inter
2112 1510 2230 1544 cetera,

1264 1551 1471 1589 Spiciocneus
1497 1552 1560 1582 dux
1594 1553 1723 1583 Boemie
1754 1555 1875 1593 accepit
1905 1555 2069 1587 licentiam
2100 1567 2118 1588 a
2148 1568 2231 1598 papa

1265 1604 1421 1635 Nicholao
1441 1605 1500 1634 sibi
1523 1606 1671 1644 portandi
1694 1607 1839 1645 mitram,
1862 1614 1892 1638 et
1913 1611 2061 1648 promisit
2082 1621 2115 1642 se
2137 1612 2231 1643 datu-

1263 1666 1336 1687 rum
1363 1658 1452 1687 omni
1476 1667 1561 1689 anno
1587 1668 1602 1689 c
1628 1659 1725 1689 libras
1753 1663 1877 1699 argenti
1907 1663 1946 1692 de
1976 1668 2057 1694 terra
2082 1674 2140 1695 sua
2170 1666 2230 1696 sub

1244 1729 1247 1732 Δ
1263 1711 1396 1740 nomine
1412 1720 1539 1741 census,

1224 1876 1396 1906 LXXIIII.
1427 1895 1466 1899 —
1495 1878 1539 1907 Ex
1565 1888 1706 1910 REGESTO
1718 1881 1755 1900 ¹⁰⁰
1782 1880 1939 1911 Gnsscomr
1966 1892 2042 1912 PAPE
2068 1893 2112 1913 vn
2140 1894 2233 1916 Lmao

1262 1939 1318 1958 vni
1342 1939 1494 1961 CAP1TULO
1511 1936 1632 1962 xx⁰vn0.
1649 1933 1740 1968 QUOD
1762 1944 1800 1963 DE
1821 1943 1963 1965 SINGULIS
1984 1945 2119 1967 bombus
2136 1947 2232 1968 ΗΕΘΜ

1263 1982 1458 2013 Fancoamt
1488 1993 1569 2014 oxus
1599 1995 1753 2016 DENARIUS
1782 1996 1842 2017 pao
1874 1997 1973 2018 cassu
2006 1999 2097 2019 ssssAr1
2131 1991 2232 2022 PETRI

1262 2044 1526 2066 pansorvsssuca
1549 2047 1751 2072 Ax'riomrus.

1301 2141 1475 2179 Gregorius
1491 2152 1602 2172 servus
1618 2153 1784 2174 servorum
1800 2146 1859 2176 Dei
1876 2147 2000 2178 dilectis
2017 2148 2095 2179 filiis
2112 2151 2231 2181 nostris

1262 2195 1298 2224 P.
1318 2194 1495 2224 Albaue-nsi
1512 2196 1657 2235 episcopo
1673 2202 1702 2226 et
1717 2197 1755 2228 G.
1773 2199 1911 2238 principi
1927 2200 2131 2232 Salernitano
2143 2203 2232 2241 lega-

1262 2247 1302 2276 tis
1326 2251 1432 2277 nostre
1459 2249 1694 2288 apostoliceque
1721 2251 1805 2280 sedis
1831 2252 1864 2281 in
1891 2252 2011 2283 Gallias
2041 2255 2176 2286 salutem
2202 2262 2234 2287 et

1261 2299 1465 2337 apostolicam
1492 2301 1759 2335 benedictionem.
1787 2305 1883 2335 Vobis
1909 2308 2081 2337 commissa
2104 2310 2233 2348 negotia

1262 2362 1324 2382 non
1342 2353 1453 2390 latent,
1471 2355 1565 2383 etiam
1584 2364 1638 2385 vos
1655 2356 1697 2385 ita
1716 2365 1751 2386 ac
1769 2358 1793 2386 si
1815 2363 1933 2395 nostra,
1952 2360 2051 2390 immo
2066 2362 2141 2399 quia
2155 2371 2231 2392 nos·

1263 2410 1308 2434 tra
1325 2407 1357 2435 in
1381 2407 1469 2436 vobis
1485 2409 1641 2445 presentia
1659 2413 1719 2446 est,
1742 2415 1854 2440 cuncta
1876 2412 1972 2449 digne
1992 2422 2046 2450 per
2061 2415 2154 2451 agite.
2173 2416 2232 2445 Di-

1260 2458 1397 2487 cendum
1416 2464 1462 2488 est
1479 2465 1585 2489 autem
1607 2463 1757 2491 omuibus
1780 2463 1881 2492 Gallis
1905 2470 1935 2493 et
1957 2475 2009 2503 per
2026 2475 2133 2496 veram
2153 2468 2230 2498 obe-

1261 2510 1415 2540 dientiam
1440 2513 1682 2551 precipiendnm
1709 2519 1741 2544 ut
1767 2524 1957 2554 unaqueque
1979 2517 2094 2548 domus
2117 2520 2231 2550 saltem

1261 2573 1363 2593 unum
1381 2565 1550 2594 denarium
1567 2569 1735 2597 annuatim
1753 2568 1877 2598 solvant
1893 2570 1982 2600 beato
1997 2571 2100 2608 Petro,
2115 2572 2140 2601 si
2154 2581 2228 2602 eum

1260 2623 1492 2654 recognoscunt
1508 2623 1628 2656 patrem
1647 2625 1675 2649 et
1692 2626 1847 2658 pastorem
1867 2631 1960 2651 suum
1978 2632 2065 2653 more
2082 2626 2229 2664 antiquo.

1260 2669 1344 2699 Nam
1368 2670 1507 2700 Kar-olus
1528 2672 1699 2710 imperator
1722 2674 1804 2703 sicut
1827 2674 1942 2711 legitur
1965 2675 1999 2704 in
2033 2676 2139 2707 thomo
2160 2679 2231 2717 ejus

1260 2723 1314 2760 qui
1335 2723 1367 2751 in
1390 2723 1520 2754 archivo
1537 2725 1669 2754 ecclesie
1694 2726 1776 2755 beati
1798 2727 1881 2756 Petri
1906 2727 2052 2765 habetur,
2071 2729 2106 2759 in
2128 2731 2231 2761 tribus

1251 2903 1266 2922 5
1282 2902 1327 2923 aut
1347 2900 1368 2923 1ο
1382 2899 1410 2930 1.]
1428 2907 1458 2923 ac
1475 2900 1496 2923 D
1514 2914 1541 2918 --
1561 2907 1578 2925 ιι
1597 2909 1685 2925 meum
1701 2910 1756 2927 om.
1775 2904 1794 2927 B
1811 2917 1840 2921 —
1859 2910 1882 2930 12
1899 2906 2060 2931 devenerlnt
2076 2908 2096 2931 B
2114 2922 2143 2926 —
2162 2915 2185 2935 13
2202 2913 2231 2934 et

1220 2943 1335 2966 honeste
1358 2951 1412 2968 om.
1435 2944 1506 2967 ABD
1533 2957 1562 2961 —
1587 2950 1610 2970 14
1633 2950 1729 2976 potero
1750 2952 1809 2976 <et
1832 2949 1860 2972 in
1883 2951 1983 2979 quibus
2002 2955 2131 2982 potero>
2154 2954 2176 2977 D
2199 2967 2231 2971 ——

1223 2992 1246 3011 15
1261 2987 1350 3016 simpl.
1368 2987 1415 3010 AD
1435 3001 1465 3004 —
1488 2993 1511 3013 18
1532 2990 1636 3013 tumulo
1658 2990 1679 3013 D
1701 3004 1730 3008 --
1750 2996 1779 3017 25
1800 2993 1880 3017 beato
1897 2998 1973 3024 petro
1995 2996 2018 3019 A
2038 3010 2066 3013 —
2085 3002 2114 3022 32
2134 3002 2231 3022 nostra

1220 3030 1324 3058 <ibi>
1340 3031 1363 3054 A
1378 3044 1408 3048 —
1424 3037 1453 3057 33
1469 3036 1559 3056 autem
1576 3037 1617 3057 est
1633 3035 1655 3057 A

2287 925 2316 945 10

2290 1193 2316 1213 ¹5

2288 1625 2318 1645 20

2287 2005 2317 2024 a

2288 2321 2315 2340 ³0
