2434 3530
67 904 121 923 ‚¹0

97 1165 120 1184 ¹5

95 1427 121 1447 20

96 1691 120 1710 25

96 1954 121 1972 30

98 2216 123 2236 35

96 2478 123 2498 40

699 355 750 384 LE
773 355 917 385 LIBER
940 352 1173 384 CENSUUM
1199 352 1252 381 DE
1277 348 1462 384 L'EGLISE
1486 355 1694 386 ROMAINE.
2184 363 2241 394 369

189 420 275 456 dam,
297 420 545 456 Marturianum,
563 420 715 457 Sumam,
731 421 866 460 Nepem,
882 419 1070 454 Castellum,
1083 418 1157 448 Gal-

189 472 295 509 lisem,
312 472 433 508 Ortem,
453 471 687 509 Polimartium,
707 474 883 508 Ameriam,
901 471 1036 505 Tudam,
1055 471 1156 500 Peru-

190 525 269 554 siam
285 533 358 554 cum
386 524 487 554 tribus
508 524 625 554 insulis
641 525 718 561 suis,
737 525 768 554 id
787 529 834 554 est
851 525 970 563 majore
986 527 1016 554 et
1032 523 1156 553 minore

190 577 393 613 Pulvensim,
410 577 568 607 Narniam
583 581 614 607 et
630 577 811 607 Utriculnm
827 586 899 607 cum
916 576 1066 606 omnibns
1082 575 1156 604 fini-

189 630 249 660 bus
265 634 294 660 et
311 630 479 660 territoriis
494 629 534 659 ad
553 630 783 668 suprascriptas
802 630 946 659 civitates
965 629 1156 667 pertinenti-

189 682 266 718 bus3
284 690 408 712 necnon
427 682 632 712 exarchatum
650 683 871 712 Ravennatem
893 682 952 711 sub
972 681 1156 719 integritate

189 744 263 765 curn
288 735 422 765 urbibus
445 735 630 764 civitatibus
652 735 775 773 oppidis
800 739 830 764 et
855 734 993 764 castellis
1017 743 1079 772 que
1105 734 1156 772 pie

190 787 420 818 recordationis
442 787 571 817 donnus
590 787 728 826 Pipinus
750 791 780 818 et
801 779 930 818 donnus
955 787 1074 817 Karlus
1101 796 1156 817 ex-

189 840 410 870 cellentissimi
425 841 633 878 imperatores
652 840 890 878 predecessores
907 839 1057 870 videlicet
1079 849 1155 870 nos-

191 894 230 922 tri
248 893 337 923 beato
354 893 447 922 Petro
463 892 603 930 apostolo
619 897 649 922 et
665 893 943 931 predecessoribus
960 893 1074 923 vestris
1088 894 1156 931 jam

189 945 312 975 dudum
335 954 390 983 per
412 945 596 975 donationis
617 945 768 983 paginam
791 945 1007 981 contulerunt,
1028 945 1088 975 hoc
1111 948 1158 974 est

189 999 348 1028 civitatem
366 999 556 1028 Ravennam
576 1002 606 1028 et
623 997 790 1035 Emiliam,
811 998 962 1034 Bobium,
979 997 1154 1034 Cesenam,

191 1050 430 1090 Forumpopnli,
449 1051 652 1087 Forumlivii‚
671 1051 871 1088 Faventiam,
890 1050 1072 1087 Immolam,
1095 1050 1156 1080 Bo-

190 1104 339 1139 noniam,
372 1104 570 1140 Ferrariam,
603 1102 790 1133 Comaclum
821 1108 851 1132 et
880 1103 1033 1133 Adrianis
1062 1107 1157 1141 atque

189 1156 372 1192 Gabellum‚
384 1165 456 1186 cum
472 1156 622 1185 omnibus
634 1155 754 1185 finibus
770 1155 939 1185 territoriis
954 1160 1049 1194 atque
1065 1156 1157 1185 insu-

189 1208 230 1239 lis
252 1213 333 1238 terra
352 1209 499 1247 marique
516 1208 555 1237 ad
573 1208 803 1246 suprascriptas
821 1208 968 1237 civitates
988 1208 1155 1246 pertinen·

190 1262 288 1298 tibus3
307 1261 405 1291 simul
423 1266 452 1290 et
467 1261 680 1299 Pentapolim,
695 1261 843 1291 videlicet
854 1261 1056 1297 Ariminum,
1070 1261 1155 1290 Pen-

189 1324 310 1351 sarum,
330 1314 492 1350 Phanum,
511 1313 741 1351 Senogalliam,
761 1314 942 1350 Anconam,
966 1313 1154 1350 Ausimum,

191 1367 391 1403 Humanam,
416 1367 544 1404 Hesim,
566 1366 875 1404 Forumsimpronii,
903 1366 1154 1403 Montemfeltri,

188 1419 353 1450 Urbinum
377 1423 407 1448 et
426 1419 621 1448 territorium
642 1418 818 1454 Baluense,
836 1418 933 1448 Callis
950 1418 1108 1453 Luciolis,
1127 1424 1157 1448 et

189 1472 373 1510 Eugubium
397 1481 469 1501 cum
493 1471 646 1501 omnibus
664 1471 783 1500 sinibus
800 1475 829 1500 et
846 1471 1013 1501 territoriis
1030 1472 1068 1500 ad
1086 1480 1155 1501 eas-

189 1525 261 1554 dem
277 1525 420 1554 civitates
437 1524 682 1563 pertinentibus.
707 1524 825 1553 Eodem
847 1524 941 1554 modo
961 1524 1155 1553 territorium

190 1577 368 1607 Sabinense
391 1577 473 1606 sicut
493 1586 511 1605 a
532 1576 640 1606 donno
663 1576 783 1606 Karolo
800 1576 993 1615 imperatore
1009 1581 1154 1606 anteces-

190 1639 260 1661 sore
283 1635 390 1660 nostro
412 1630 502 1659 beato
517 1630 610 1671 Petro
627 1629 768 1668 apostolo
785 1638 839 1667 per
855 1629 1035 1659 donationis
1054 1630 1155 1668 scrip-

190 1689 256 1714 tum
284 1683 438 1713 donatum
469 1687 514 1712 est
540 1683 599 1712 sub
624 1683 819 1720 integritate.
848 1683 927 1712 Item
954 1683 988 1712 in
1015 1684 1156 1721 partibus

189 1736 303 1766 Tuscie
320 1735 602 1773 Longobardorum
620 1745 626 1765 t
642 1735 814 1765 Castellum
832 1735 1016 1772 Felicitatis,
1032 1736 1154 1766 Urbem

189 1790 353 1826 Veterem,
368 1788 526 1818 Balneum
543 1789 639 1826 regis,
654 1789 791 1823 Ferenti,
810 1789 987 1824 Biterbum,
1002 1789 1153 1824 Orchem,

189 1843 342 1878 Marcam,
361 1842 555 1878 Tuscanam,
573 1841 727 1878 Suanam,
746 1841 976 1879 Populonium,
1001 1841 1154 1879 Roselles,

189 1904 262 1925 cum
288 1893 481 1924 suburbanis
505 1899 599 1932 atque
622 1893 736 1923 viculis
758 1894 910 1923 omnibus
935 1898 964 1923 et
990 1894 1156 1924 territoriis

189 1957 225 1978 ac
244 1947 418 1977 maritimis
440 1946 563 1985 oppidis
580 1955 615 1976 ac
632 1945 747 1976 viculis
769 1955 825 1975 seu
849 1946 966 1976 finibus
989 1947 1154 1977 omnibus.

190 2001 336 2039 Itemque
354 2009 371 2029 a
389 2000 488 2029 Lunis
513 2008 587 2029 cum
614 1999 720 2029 insula
739 1999 880 2035 Corsica,
898 1999 1015 2030 deinde
1038 2001 1071 2029 in
1094 2000 1155 2030 Su·

190 2054 298 2090 riano,
316 2053 432 2082 deinde
454 2053 488 2082 in
511 2056 617 2082 monte
636 2052 808 2087 Bai-donis,
827 2052 944 2082 deinde
962 2053 994 2082 in
1013 2054 1155 2089 Bereeto,

190 2106 306 2136 exinde
322 2106 354 2135 in
374 2107 500 2142 Parma,
516 2105 632 2134 deinde
649 2106 681 2134 in
698 2105 812 2142 Regia,
829 2105 942 2135 exinde
962 2106 993 2134 in
1013 2106 1156 2142 Mantua,

190 2163 284 2198 atque
300 2159 333 2188 in
352 2159 460 2188 Monte
477 2158 584 2188 Silicis
607 2162 701 2196 atque
718 2158 878 2196 provintia
896 2158 1101 2187 Venetiarum
1129 2163 1159 2188 et

191 2213 286 2241 Istria
312 2220 436 2241 necnon
464 2216 492 2240 et
519 2215 672 2240 cunctum
698 2210 849 2240 ducatum
873 2210 1075 2249 Spolitauum
1102 2220 1157 2241 seu

193 2264 470 2299 Beneventanum,
491 2272 553 2292 una
570 2272 642 2292 eum
660 2263 794 2292 ecclesia
810 2268 917 2292 sancte
933 2263 1082 2297 Cristine,
1103 2273 1158 2302 po-

191 2317 252 2347 sita
283 2325 378 2356 prope
406 2316 555 2354 Papiam,
578 2316 668 2354 juxta
695 2316 834 2351 Padum,
860 2320 973 2354 quarto
1002 2316 1155 2346 miliario.

193 2370 272 2399 item
297 2370 331 2398 in
357 2369 501 2407 partibus
525 2369 700 2407 Campanis
724 2368 816 2403 Sora,
839 2370 954 2403 Aroes,
974 2369 1157 2407 Aquinum,

193 2422 370 2457 Arbinum,
388 2422 534 2451 Teanum
555 2425 586 2450 et
601 2421 744 2459 Capuam
766 2429 892 2450 necnon
917 2425 946 2450 et
966 2422 1160 2460 patrimonia

191 2475 229 2504 ad
252 2478 439 2513 potestatem
461 2478 492 2503 et
511 2474 668 2503 ditionem
693 2477 829 2503 vestram
851 2474 1061 2512 pertinentia,
1080 2475 1160 2504 sicut

191 2531 237 2558 est
252 2527 484 2566 patrimonium
503 2527 771 2556 Beneventanum
787 2530 817 2556 et
832 2526 1063 2565 patrimonium
1080 2527 1161 2556 Nea-

191 2580 369 2620 politanum
386 2584 483 2618 atque
501 2580 694 2618 patrimonia
710 2579 856 2609 Calabrie
872 2579 1046 2618 superioris
1063 2585 1093 2609 et
1108 2580 1159 2609 in-

191 2632 330 2663 ferioris.
351 2633 398 2661 De
417 2632 546 2662 civitate
567 2635 673 2661 autem
693 2631 905 2669 Neapolitana
927 2640 999 2661 curn
1021 2632 1160 2662 castellis

190 2689 221 2715 et
243 2685 413 2715 territoriis
437 2693 473 2714 ac
496 2685 614 2714 finibus
633 2689 663 2714 et
680 2684 795 2713 insulis
814 2684 881 2713 suis
906 2684 968 2713 sibi
993 2685 1158 2722 pertinen-

183 2875 196 2895 2
213 2869 412 2893 Pollimartium
429 2868 451 2891 A
473 2881 501 2885 —
520 2873 533 2893 3
550 2868 679 2891 maiorem
698 2869 719 2891 A
740 2881 765 2884 —
790 2872 804 2891 Δ
821 2867 971 2890 Pulvcnsin
988 2868 1009 2890 A
1031 2881 1061 2884 ——
1081 2867 1159 2891 l’ulv.

1281 418 1366 448 tibus
1383 420 1475 450 sicuti
1491 422 1530 450 ad
1547 423 1673 452 easdem
1697 425 1838 462 aspicere
1863 426 2023 464 videntur,
2043 437 2167 459 necnon
2186 439 2241 468 pa-

1280 471 1467 502 trimonium
1486 473 1594 503 Sicilie
1611 476 1635 504 si
1653 476 1737 505 Dens
1756 478 1872 516 nostris
1888 478 1969 508 illud
1988 480 2152 510 tradiderit
2173 491 2241 511 ma-

1280 523 1386 553 nibus.
1402 525 1508 554 Simili
1527 528 1620 557 modo
1637 529 1795 558 civitatem
1812 530 1955 561 Gaietam
1970 537 2000 562 et
2013 533 2149 563 Fundim
2167 544 2241 565 cum

1279 576 1431 605 omnibus
1458 587 1567 608 earum
1595 581 1806 617 pertinentiis
1830 583 1965 622 Insuper
1990 586 2155 617 offerimus
2174 588 2240 623 tibi,

1280 628 1367 658 beate
1391 630 1483 660 Petre
1509 632 1660 670 apostole,
1689 634 1870 673 vicarioque
1897 642 1948 666 tuo
1972 638 2080 668 donno
2098 640 2242 670 ι1011011111

1280 690 1356 719 pape
1378 687 1407 712 et
1429 685 1666 715 successoribus
1687 688 1755 725 ejus
1779 698 1834 726 pro
1855 695 1960 719 nostre
1978 692 2086 721 anime
2104 694 2243 724 remedio

1280 735 1446 773 nostrique
1466 736 1524 765 filii
1545 741 1573 766 et
1590 742 1769 769 nostrorum
1788 746 1954 778 parentum
1970 743 2009 773 de
2026 745 2151 782 proprio
2168 755 2242 776 nos-

1281 790 1326 816 tro
1344 796 1441 825 regno
1458 789 1602 819 civitates
1618 796 1648 820 et
1663 792 1778 830 oppida
1794 802 1866 822 cum
1884 796 2029 832 piscariis
2048 798 2129 832 suis,
2149 798 2179 827 id
2198 804 2243 828 est

1280 838 1422 875 Reatem,
1442 841 1663 879 Amiternum,
1681 844 1872 882 Furconcm,
1888 847 2196 884 Nu1·siam‚Balvam
2213 856 2243 880 et

1280 891 1413 921 Mai-sim
1431 897 1460 922 et
1476 893 1552 923 alibi
1569 894 1728 925 civitatem
1747 897 1927 928 Terannem
1944 909 2016 929 cuni
2042 902 2242 940 pertinentiis

1279 943 1354 972 suis.
1382 944 1448 973 Has
1470 954 1581 975 omnes
1597 950 1824 987 suprascriptas
1843 952 2018 988 provintias
2035 954 2128 983 nrbes
2147 959 2175 985 et
2196 957 2242 985 ci-

1280 996 1408 1032 vitates,
1427 998 1539 1036 oppida
1555 1005 1648 1037 atque
1664 1001 1807 1037 castella,
1826 1003 1945 1033 viculos
1964 1014 1999 1034 ac
2018 1007 2175 1037 territoria
2198 1009 2242 1037 si-

1280 1048 1411 1086 mulque
1436 1055 1465 1079 et
1490 1051 1682 1088 patrimonia
1707 1062 1761 1091 pro
1786 1056 1925 1085 remedio
1949 1057 2056 1086 anime
2083 1064 2188 1089 nostre
2214 1064 2243 1090 et

1279 1100 1341 1130 filii
1363 1103 1464 1131 nostri
1489 1103 1555 1133 sive
1578 1110 1744 1142 parentum
1767 1113 1945 1137 nostrorum
1968 1118 2003 1139 ac
2022 1119 2242 1142 successorum

1281 1157 1460 1183 nostrorum
1479 1160 1508 1184 ct
1525 1165 1578 1193 pro
1595 1162 1708 1187 cuncto
1725 1168 1741 1187 a
1760 1159 1824 1188 Deo
1842 1166 2026 1192 conservato
2051 1169 2144 1201 atque
2167 1174 2242 1195 con-

1280 1207 1436 1236 servando
1464 1207 1660 1238 Francorum
1685 1211 1799 1248 populo
1817 1212 1883 1249 jam
1911 1213 1993 1243 dicte
2022 1216 2152 1246 ecclesie
2179 1221 2241 1254 tue,

1279 1259 1368 1288 beate
1383 1259 1474 1289 Petre
1488 1260 1639 1298 apostole,
1651 1266 1679 1291 et
1691 1272 1745 1300 per
1759 1267 1785 1292 te
1799 1263 1981 1295 vicario'tuo
1993 1267 2151 1305 spirituali
2164 1270 2244 1307 patri

1280 1316 1386 1341 nostro
1404 1311 1679 1343 Γ1011111011011011111
1702 1324 1828 1346 summo
1852 1318 1993 1355 pontifici
2017 1325 2046 1348 et
2071 1321 2243 1350 universali

1280 1374 1358 1403 pape
1377 1366 1510 1403 ejusque
1529 1368 1769 1397 successoribus
1791 1378 1890 1407 usque
1910 1371 1942 1399 in
1962 1372 2056 1401 finem
2076 1374 2190 1410 seculi,
2209 1384 2244 1404 eo

1281 1418 1373 1447 modo
1386 1418 1615 1448 confirmamus
1629 1420 1707 1449 utin
1723 1430 1780 1450 suo
1795 1422 2048 1461 detineantjure,
2066 1426 2244 1464 prun-natu

1280 1474 1373 1508 atque
1390 1470 1522 1500 ditione.
1543 1472 1650 1501 Simili
1666 1474 1759 1503 modo
1772 1483 1827 1512 per
1841 1475 1898 1504 lioc
1913 1482 2018 1505 nostre
2033 1477 2245 1515 delegationis

1281 1526 1407 1561 pactum
1431 1524 1660 1554 confirmamus
1680 1526 1868 1556 donationes
1885 1538 1963 1566 quas
1987 1530 2034 1567 pie
2055 1532 2245 1562 recordatio-

1281 1575 1330 1604 nis
1345 1575 1483 1605 domnus
1500 1577 1637 1615 Pipinus
1660 1588 1712 1608 rex
1730 1584 1760 1608 et
1780 1585 1885 1618 postea
1906 1581 2032 1611 donnus
2049 1583 2167 1613 Kar-lus
2190 1594 2243 1614 ex-

1276 1627 1504 1676 cellentissimi
1527 1630 1734 1668 imperatores
1757 1633 1847 1663 beato
1870 1634 1962 1664 Petro
1985 1636 2125 1673 apostolo
2150 1646 2243 1675 spon-

1281 1685 1371 1710 tanea
1399 1682 1562 1712 voluntate
1587 1684 1804 1720 contulerunt,
1831 1695 1954 1717 necnon
1981 1693 2010 1717 et
2035 1698 2167 1719 censum
2196 1692 2245 1720 vel

1279 1735 1466 1771 pensionem
1487 1744 1540 1765 seu
1563 1740 1682 1765 ceteras
1704 1737 1846 1767 dationes
1867 1749 1927 1777 que
1952 1742 2120 1771 annuatim
2138 1743 2171 1771 in
2189 1753 2244 1781 pa-

1279 1786 1394 1815 latium
1418 1788 1500 1824 regis
1520 1789 1800 1826 Longobanlorum
1822 1791 1936 1821 inferri
1958 1793 2102 1823 solebant
2124 1796 2189 1824 sive
2207 1796 2245 1824 de

1280 1839 1395 1868 Tuscia
1415 1840 1480 1869 sive
1496 1840 1533 1869 do
1551 1841 1665 1870 ducatu
1683 1842 1858 1880 Spolitano‚
1876 1844 1958 1873 sicut
1974 1845 2005 1873 in
2025 1847 2246 1885 suprascriptis

1279 1892 1508 1922 donationibus
1520 1895 1702 1924 continetur
1714 1899 1742 1924 ct
1755 1896 1838 1925 inter
1851 1902 1957 1926 sancte
1970 1900 2124 1928 memorie
2136 1902 2157 1929 A
2165 1901 2246 1929 dria-

1281 1954 1357 1973 num
1380 1954 1492 1983 papam
1513 1950 1542 1975 et
1568 1947 1712 1976 donnum
1731 1948 1866 1977 Karlum
1884 1950 2108 1988 imperatorem
2129 1961 2245 1982 conve-

1281 1997 1340 2033 nit,
1360 1998 1488 2035 quando
1507 1999 1592 2028 idem
1614 2000 1751 2038 pontifex
1772 2001 1874 2030 eidem
1894 2002 1931 2030 de
1951 2005 2172 2042 suprascriptis
2189 2006 2246 2034 du-

1280 2050 1403 2079 catibus
1429 2051 1460 2079 id
1485 2056 1532 2080 est
1553 2052 1699 2082 Tuscano
1727 2058 1757 2082 et
1780 2053 1945 2091 Spolitano
1971 2064 2028 2085 sue
2050 2058 2249 2087 auctoritatis

1283 2109 1465 2141 preceptum
1484 2105 1696 2140 confirmavit,
1717 2114 1752 2135 1εο
1769 2106 1890 2136 scilicet
1908 2107 2000 2137 modo
2019 2114 2051 2137 ut
2066 2110 2163 2138 annis
2180 2112 2247 2139 sin-

1283 2158 1367 2195 gulis
1390 2158 1548 2195 predictus
1569 2167 1683 2188 census
1704 2160 1742 2188 ad
1766 2166 1885 2198 partem
1906 2161 2039 2190 ecclesie
2061 2163 2140 2191 beati
2162 2164 2249 2192 Petri

1283 2210 1417 2248 apostoli
1429 2211 1642 2249 persolvatur-3
1657 2212 1741 2241 salva
1751 2222 1846 2250 super
1858 2214 1985 2243 eosdem
1999 2215 2132 2244 ducatus
2144 2221 2249 2245 nostra

1283 2264 1316 2292 in
1333 2263 1484 2292 omnibus
1508 2264 1728 2294 dominatione
1745 2270 1775 2294 et
1799 2265 1929 2295 illorum
1946 2267 1983 2295 ad
2004 2273 2142 2297 nostram
2166 2268 2249 2307 [par-

1286 2315 1359 2354 tem]
1387 2317 1460 2353 (per
1491 2316 1549 2345 lioc
1576 2321 1681 2346 nostre
1708 2318 1980 2357 confirmationis)
2008 2324 2035 2348 ct
2063 2320 2123 2349 11111
2150 2322 2249 2350 nostri

1284 2369 1496 2407 subjectione.
1521 2370 1671 2398 Celerum
1694 2370 1775 2399 sicut
1799 2370 1940 2399 diximus
1967 2373 2076 2401 omnia
2102 2374 2250 2411 superins

1284 2422 1451 2451 nominata
1470 2422 1512 2450 ita
1533 2421 1572 2450 ad
1593 2426 1730 2451 vestram
1751 2428 1871 2460 parton}
1899 2433 1951 2460 per
1972 2424 2031 2453 hoc
2053 2430 2155 2454 nostre
2172 2434 2248 2454 con-

1284 2474 1475 2503 firmationis
1488 2478 1613 2512 pactum
1629 2475 1813 2504 roboramus
1829 2480 1860 2503 111
1876 2476 1910 2504 111
1923 2481 2025 2505 vestro
2041 2483 2249 2514 permancant

1280 2527 1364 2565 jure,
1384 2527 1564 2565 principatu
1584 2532 1678 2566 atque
1695 2528 1816 2557 ditione
1834 2533 1862 2556 et
1886 2537 1989 2566 neque
2003 2530 2128 2558 anobis
2147 2539 2249 2568 neque

1283 2589 1301 2608 a
1315 2579 1551 2609 successoribus
1563 2580 1682 2610 nostris
1697 2590 1750 2617 per
1760 2580 1924 2618 quodlibet
1940 2586 2170 2618 argumentum
2183 2583 2249 2612 sive

1285 2632 1557 2662 machinationem
1585 2633 1618 2661 in
1644 2642 1848 2671 quacumque
1875 2637 1960 2670 parte
1986 2639 2088 2662 vestra
2115 2639 2249 2673 potestas

1284 2685 1499 2714 imminuatur
1516 2690 1569 2714 aut
1593 2695 1608 2714 a
1634 2685 1722 2715 vobis
1740 2686 1815 2714 iude
1832 2685 1954 2724 aliquid
1972 2686 2188 2723 subtrahatur,
2211 2689 2248 2718 de

1277 2873 1281 2891 ι
1300 2867 1370 2890 sicut
1393 2868 1414 2890 A
1435 2881 1464 2884 —
1484 2872 1498 2891 4
1519 2868 1720 2897 pertinentibus
1738 2869 1759 2891 A
1780 2881 1806 2884 -—
1831 2875 1848 2893 ιι
1869 2870 2024 2899 provincias
2042 2871 2061 2892 A
2083 2884 2111 2887 —
2131 2876 2161 2895 30
2183 2871 2248 2895 Car-

2299 913 2322 932 10

2300 1175 2322 1193 15

2302 1960 2326 1976 30

2305 2221 2328 2239 35

2303 2484 2329 2501 40

151 2918 212 2940 <ct
226 2915 321 2940 lacn>
337 2920 351 2936 c
372 2926 401 2931 -
421 2918 435 2937 6
451 2915 608 2936 exarcatum
626 2912 647 2934 A
669 2925 696 2928 —
717 2916 731 2935 Β
747 2911 862 2935 Carolus
879 2911 900 2934 A
918 2924 946 2927 —
968 2916 991 2935 13
1008 2911 1119 2935 Imolam
1138 2912 1159 2934 A

152 2971 180 2975 —-
198 2963 221 2983 16
237 2957 410 2988 supradictas
427 2957 450 2980 A
465 2970 494 2974 —
510 2961 540 2981 23
555 2956 655 2980 Carolo
672 2956 693 2978 Α
710 2968 738 2972 -
754 2960 783 2980 25
799 2962 961 2978 concessum
980 2956 1000 2978 A
1018 2969 1045 2972 —
1062 2960 1090 2979 27
1108 2955 1160 2978 Fc-

151 3005 258 3026 rentum
276 3003 298 3025 A
314 3015 343 3018 —
359 3007 388 3027 28
403 3001 540 3025 Mareliam
557 3000 579 3023 A
596 3013 623 3016 —
640 3004 669 3024 39
686 2999 819 3029 Arpinum
837 2999 859 3022 A
1243 3000 1313 3021 slata

1243 2911 1298 2933 lum
1315 2911 1336 2934 A
1354 2924 1381 2927 —
1397 2915 1426 2935 36
1443 2915 1545 2940 partein
1563 2918 1618 2935 0111.
1638 2912 1673 2937 C:
1691 2916 1814 2935 celerum
1832 2914 1978 2936 abundant
2000 2915 2027 2936 in
2045 2917 2087 2938 AC
2105 2917 2184 2938 rerba
2202 2923 2250 2946 per

1243 2954 1293 2977 hoc
1310 2958 1404 2978 nostro
1420 2955 1636 2978 confirmationis
1660 2957 1730 2978 malz*
1749 2958 1802 2978 liru-
1819 2964 1851 2979 vx
1868 2962 2006 2981 ruminate
2022 2961 2150 2987 sequenti
2170 2963 2250 2984 trari—

295 3059 378 3085 Lmen
398 3058 541 3085 Caxsucn.
561 3070 597 3076 —
616 3055 638 3081 I.
2080 3061 2108 3086 Π
