2434 3530
79 894 106 913 ¹0

78 1157 104 1176 15

78 1419 105 1438 20

79 1945 107 1964 30

79 2207 107 2226 35

81 2469 108 2489 4⁰

684 346 735 375 LE
758 345 905 376 LIBER
927 344 1161 376 CENSUUM
1186 345 1240 374 DE
1264 336 1450 376 L‘IZGLISE
1474 347 1683 377 ROMAINE.
2175 354 2232 384 395

177 411 274 440 dinus
294 419 399 440 comes
424 410 462 440 de
481 410 698 448 Calmauiare‚
721 420 776 450 pro
799 421 850 441 me
873 415 904 440 et
928 410 1143 450 procuratorio

178 464 310 493 nomine
327 472 382 502 pro
400 462 602 494 Bernardino
621 463 716 493 fratre
736 473 823 501 meo,
844 472 950 494 coram
974 463 1144 493 Willermo

155 540 158 545 ,
176 516 364 555 presbytero
388 515 544 545 cardinali
567 516 651 546 tituli
669 518 772 546 sancti
796 516 883 546 Petri
899 516 938 545 ad
956 515 1095 551 vincula,
1114 519 1144 545 et

178 567 362 597 Rainiundo
378 567 512 597 diacono
526 567 682 597 cardinali
700 573 808 598 sancte
825 569 926 597 Mai-ie
942 568 974 597 in
991 568 1052 597 Via
1067 567 1140 604 lata,

177 625 208 650 et
218 619 372 657 Gregorio
388 620 643 659 Coranojudice‚
655 620 760 658 obligo
772 625 802 650 et
812 621 845 650 in
863 621 980 658 pignus
992 628 1074 658 pono
1088 619 1143 648 tibi

177 672 310 701 domino
324 672 440 714 Bosoni
455 672 629 702 venerabili
642 672 799 702 cardinali
812 672 947 702 diacono
959 675 1143 701 sanctorum

177 725 292 755 Cosme
307 730 335 754 et
354 725 516 761 Dauniam,
535 725 645 754 domni
660 734 738 763 pape
754 725 941 759 camerario,
961 729 1142 763 procurato-

177 777 227 807 rio
253 777 385 807 nornine
403 786 458 815 pro
477 778 543 815 ipso
558 777 676 807 domno
697 786 775 815 papa
798 782 828 806 et
848 786 903 815 pro
922 777 1057 807 ecclesia
1075 777 1143 807 Ro-

178 839 290 866 mana,
314 830 395 860 idest
419 838 540 860 roccam
566 829 674 860 Sancti
699 830 870 868 Stephani,
888 834 917 860 et
938 831 1143 860 medietatem

179 882 326 915 Preceni,
340 886 369 910 et
381 881 582 911 medietatem
600 881 763 920 Iiipeseni,
779 891 851 911 cum
867 882 1020 912 omnibns
1033 891 1143 912 eorum

178 935 307 970 usibus,
335 933 530 963 utilitatibus
553 938 584 963 et
609 935 830 972 pertinentiis,
854 935 935 964 sicut
962 935 1046 964 inter
1069 943 1144 965 suos

175 986 416 1016 concluduntur
430 986 521 1021 fines,
542 987 641 1024 posita
661 987 817 1016 territorio
834 987 1046 1023 Orbevctano,
1062 996 1143 1025 qua-

175 1039 250 1068 liter
271 1039 360 1068 nobis
381 1044 567 1077 competunt
583 1038 689 1067 taliter
705 1039 904 1077 obiigamus,
923 1044 951 1069 ct
974 1040 1007 1068 in
1027 1040 1144 1077 pignus

175 1091 328 1130 ponimus
356 1100 411 1129 pro
435 1101 547 1120 cxisin
572 1091 663 1120 libris
690 1091 889 1121 luccensium
914 1098 944 1121 et
969 1101 988 1119 v
1012 1092 1141 1127 solnm,

175 1152 255 1181 quos
272 1143 364 1172 nohis
382 1152 436 1182 pro
451 1144 519 1181 ipso
535 1143 666 1173 domino
685 1152 762 1182 papa
776 1145 941 1173 mutuasti.
959 1144 1097 1182 Insuper
1109 1144 1142 1173 in

176 1204 372 1234 unoquoque
397 1204 508 1225 mense
536 1204 591 1234 pro
621 1205 671 1224 xvi
706 1195 818 1225 solidis
842 1196 1042 1226 luccensium
1065 1205 1145 1234 quos

174 1258 231 1287 pro
247 1248 392 1278 custodia
409 1248 490 1277 arcis
503 1248 642 1278 domnus
659 1258 737 1287 papa
754 1249 933 1286 expendere
949 1249 1053 1285 debet,
1071 1258 1144 1287 pre-

175 1301 294 1331 dictum
321 1302 437 1339 pignus
455 1301 632 1338 obligatum
651 1302 733 1330 sicut
751 1310 806 1339 pro
825 1302 894 1340 ipsa
914 1306 996 1331 sorte
1021 1302 1143 1331 tenebi-

177 1357 238 1383 tur.
258 1354 295 1382 Et
310 1354 354 1382 sic
370 1354 403 1382 in
428 1362 623 1391 unoquoque
643 1362 747 1390 anno,
771 1354 873 1384 donec
890 1355 1024 1393 pecunia
1042 1354 1146 1384 soluta

176 1406 298 1435 fuerint
323 1410 352 1435 et
376 1407 495 1444 pignus
513 1406 703 1442 liberatum,
725 1407 901 1445 ac[c]rescit
925 1416 1051 1436 summa
1068 1408 1145 1437 sorti

175 1468 206 1488 ix
223 1458 381 1488 librarum
403 1462 431 1488 ct
446 1468 488 1487 xii
508 1459 686 1489 solidorum
703 1459 917 1489 laccensium.
934 1460 1146 1498 Quacumque

175 1519 252 1540 vero
266 1511 344 1540 hora
361 1511 534 1549 predictam
552 1512 724 1549 pecuniam
740 1512 830 1541 vohis
845 1513 1025 1550 vestrisque
1041 1512 1145 1542 calho-

176 1563 249 1592 licis
265 1563 502 1593 successoribus
519 1563 690 1600 solvemus,
704 1565 847 1603 pignu[s]
865 1565 924 1594 hoc
938 1565 978 1593 sit
994 1573 1144 1601 vacuum,

174 1620 206 1645 et
219 1615 278 1645 hec
296 1616 417 1645 cartula
433 1615 471 1644 ad
491 1625 548 1646 nos
565 1621 756 1646 revertatur.
776 1617 841 1646 Nos
857 1622 965 1646 autem
990 1620 1019 1646 et
1044 1617 1146 1647 nostri

174 1669 310 1698 heredes
332 1668 504 1698 defendere
529 1670 749 1707 promittimus
771 1670 810 1699 ab
832 1670 922 1699 omni
945 1670 1097 1706 homine,
1119 1670 1146 1699 si

176 1730 309 1751 necesse
322 1722 429 1751 suerit.
449 1722 540 1757 Quod
558 1722 583 1750 si
600 1726 710 1751 contra
723 1722 782 1751 hec
800 1731 862 1760 que
878 1722 960 1752 dicta
977 1727 1053 1752 sunt
1065 1731 1143 1761 quo-

174 1774 255 1804 libet
267 1775 360 1804 modo
378 1775 488 1803 venire
505 1775 781 1812 temptaverimus,
800 1779 863 1804 tam
884 1784 940 1805 nos
957 1784 1055 1814 quam
1072 1784 1146 1806 nos-

164 1827 215 1856 ·tri
232 1827 366 1856 heredes
382 1835 614 1865 componamus
629 1827 749 1857 domno
763 1836 841 1866 pape
857 1828 990 1866 suisque
1007 1828 1144 1858 catholi—

174 1880 219 1910 cis
249 1880 490 1909 successoribus
520 1889 576 1918 pro
608 1889 691 1918 pena
720 1881 973 1919 suprascriptum
1006 1881 1145 1919 pretium

174 1932 322 1971 duplum,
342 1937 373 1962 et
393 1932 496 1962 soluta
514 1942 595 1971 pena
616 1933 674 1962 hec
694 1933 814 1963 cartula
833 1933 926 1962 firma
945 1939 1143 1972 permaneat.

177 1986 281 2022 Quam
309 1985 510 2015 scribendam
544 1986 655 2023 rogavi
682 1986 847 2016 Andrean]
877 1987 1084 2016 scriniarium
1110 1988 1143 2016 in

175 2047 288 2067 mense
304 2043 335 2067 et
351 2038 528 2067 indictione
548 2038 763 2076 suprascripta
778 2048 834 2067 vu.

215 2090 354 2128 Signum
370 2100 442 2119 man
451 2100 486 2119 ns
499 2091 706 2129 suprascripti
723 2091 957 2121 Aldebrandini
970 2093 1095 2122 comitis
1107 2093 1146 2122 de

175 2143 382 2173 Calmaniare
409 2152 463 2181 pro
487 2153 520 2172 se
549 2148 579 2172 et
609 2143 810 2174 Ber-nardino
835 2145 932 2174 fratre
959 2154 1017 2174 suo
1046 2145 1145 2184 hujus

173 2195 297 2225 cartule
314 2200 510 2233 rogatorum.

216 2248 374 2278 Docibilis
391 2248 490 2278 testis.

218 2301 303 2331 Bobo
319 2301 358 2330 de
374 2301 469 2331 Petro
489 2303 586 2331 testis.

216 2354 300 2384 Urso
314 2354 401 2383 filius
417 2355 486 2392 ejus
504 2355 602 2385 testis.

216 2406 400 2445 Stephanus
418 2407 456 2436 de
474 2407 576 2437 Marta
593 2409 690 2438 testis.

216 2459 330 2488 Petrus
347 2459 572 2489 butticularius
589 2461 688 2489 testis.

218 2511 379 2548 Roget-ius
397 2511 436 2540 de
454 2512 566 2541 Letnlo
587 2513 684 2542 testis.

217 2563 386 2593 Johannes
403 2564 512 2593 Ritius
530 2565 629 2594 testis.

219 2616 284 2653 Ego
306 2616 454 2645 Andreas
473 2617 661 2646 scriniarius
676 2621 785 2647 sancte
802 2619 947 2649 Romane
963 2619 1098 2650 ecclesie
1117 2625 1148 2650 et

176 2669 257 2698 sacri
276 2668 502 2698 Lateranensis
517 2669 626 2707 palatii
643 2670 802 2708 complevi
818 2675 848 2700 et
865 2671 1000 2702 absolvi.

1225 410 1344 440 CXIII.
1373 428 1411 432 —
1439 412 1681 443 Tiuxscnimer
1707 423 1849 444 cmi-cre
1876 425 2121 448 'rnaxsac‘rioxis
2147 428 2233 453 QUAM

1267 472 1354 492 rserr
1377 464 1478 494 Gazzo
1504 475 1540 494 nr:
1563 466 1708 496 [humo
1735 476 1839 498 nouxo
1865 478 1941 499 PAPE
1964 471 2108 502 Ammo
2134 481 2232 503 supssa

1267 524 1445 549 QuinusoAM
1469 526 1721 548 POSSESSlONIBL's
1745 529 1782 549 ET
1806 530 1904 551 nanus
1926 531 2042 553 rosrris
2067 533 2095 553 ix
2114 534 2232 556 cssrno

1267 578 1304 597 nr:
1319 569 1424 598 Oncm
1440 571 1461 599 ¹.

1306 673 1376 702 Tibi
1404 674 1484 712 patri
1507 679 1537 704 et
1563 676 1739 705 universali
1764 677 1882 707 domno
1908 688 1984 717 pape
2006 681 2149 711 Adriano
2175 691 2232 720 ego

1265 726 1397 764 quidem
1414 726 1495 756 Gezo
1511 727 1549 757 de
1568 728 1739 765 Damiano,
1758 730 1845 759 nullo
1864 737 1996 768 cogente
2012 733 2158 771 imperio,
2178 735 2232 764 sed

1266 780 1393 816 propria
1414 784 1444 808 et
1465 784 1637 818 spontanea
1660 791 1729 811 mea
1751 783 1831 812 hona
1855 784 2034 820 voluntate,
2053 796 2107 824 per
2127 791 2232 817 cartu-

1266 831 1330 859 lam
1354 833 1576 862 conventionis
1600 839 1694 872 atque
1719 837 1944 866 transactionis
1967 839 2047 868 ,facio
2072 839 2231 870 refutatio-

1268 892 1341 912 nem
1360 893 1414 921 pro
1434 894 1484 913 ine
1501 889 1529 913 et
1547 894 1601 923 pro
1620 895 1714 916 uxore
1733 896 1812 922 mea,
1833 889 1977 927 meisque
1996 890 2166 921 heredibus
2184 893 2232 921 vel

1268 937 1412 973 personis
1428 946 1445 965 a
1464 938 1554 966 nobis
1571 939 1751 975 submissis,
1775 949 1827 977 pio
1842 942 1941 970 trihus
1960 943 2134 972 mobilibus
2151 953 2233 973 mar-

1266 989 1311 1017 cis
1340 990 1487 1025 argenti;
1521 991 1718 1020 noxi.inatire
1746 993 1783 1021 de.
1813 994 1902 1022 ouini
1927 995 1999 1032 jure
2027 1005 2080 1025 seu
2109 997 2232 1027 actione

1267 1050 1362 1079 quam
1386 1042 1487 1071 haheo
1507 1044 1537 1071 in
1558 1043 1666 1077 domo,
1686 1054 1746 1082 qne
1769 1047 1882 1081 rejacet
1901 1047 1932 1074 in
1955 1053 2056 1077 castro
2075 1049 2157 1086 quod
2179 1058 2231 1078 vo-

1267 1099 1358 1123 catur
1374 1095 1482 1130 Orcle,
1498 1096 1587 1133 juxta
1605 1097 1719 1125 turrim
1739 1098 1847 1126 domni
1868 1108 1959 1136 [if-ipo,
1979 1106 2007 1128 et
2025 1101 2119 1129 habet
2136 1102 2232 1130 finem

1266 1147 1306 1176 ab
1327 1156 1390 1175 nna
1412 1154 1498 1185 parte
1521 1149 1693 1185 predictam
1718 1151 1846 1184 turrim,
1866 1160 1882 1179 a
1900 1153 2039 1181 secunda
2056 1162 2159 1182 casam
2180 1154 2233 1182 do-

1268 1199 1436 1234 minicani,
1454 1210 1470 1228 a
1489 1201 1580 1229 tertia
1597 1202 1696 1238 ripam
1716 1203 1857 1239 ejusdem
1877 1205 1981 1239 castri,
2000 1214 2016 1232 a
2032 1210 2142 1242 quarta
2161 1214 2234 1235 vero

1267 1252 1352 1280 viam
1369 1252 1549 1290 pulilica1n3
1573 1258 1604 1282 et
1625 1254 1657 1281 in
1681 1254 1865 1284 molendino
1884 1260 1913 1283 et
1937 1257 1968 1284 in
1994 1263 2060 1285 orto
2075 1258 2129 1294 qui
2153 1259 2233 1294 reja-

1267 1308 1340 1333 cent
1362 1304 1394 1333 in
1420 1305 1502 1342 loco,
1523 1306 1579 1343 qui
1602 1311 1731 1335 vocalnr
1758 1307 1842 1336 Vado
1864 1308 1914 1336 del
1937 1308 2095 1338 l'ixarello
2122 1314 2151 1338 et
2175 1310 2232 1338 ha—

1259 1353 1344 1386 'bent
1365 1357 1462 1386 finem
1481 1358 1521 1386 ab
1539 1367 1602 1386 uua
1623 1364 1711 1396 parte
1734 1360 1836 1396 ripam
1861 1360 1992 1397 predicti
2015 1361 2126 1395 ‹fastrL
2145 1370 2162 1389 a
2185 1371 2235 1390 se-

1268 1409 1373 1438 cunda
1396 1414 1520 1445 ortum,
1540 1410 1597 1447 qui
1617 1410 1735 1439 dicitur
1756 1420 1823 1439 esse
1846 1412 1985 1440 filiorum
2005 1413 2176 1442 Otl'redutii
2196 1414 2235 1442 de

1268 1462 1395 1498 Guitto‚
1425 1471 1443 1491 a
1474 1463 1565 1491 tertia
1593 1463 1714 1492 flumen
1746 1464 1830 1501 qnod
1860 1470 1988 1493 vocatur
2019 1465 2188 1501 isi-nuzino,
2218 1475 2235 1495 a

1268 1520 1381 1553 quarta
1399 1524 1472 1544 vero
1490 1515 1574 1544 viam
1592 1515 1772 1554 puhlica1n3
1797 1521 1826 1545 et
1842 1517 1874 1545 in
1895 1517 1996 1545 vineis
2013 1527 2075 1555 qne
2096 1519 2237 1555 rejacent

1267 1571 1302 1599 in
1331 1570 1413 1599 valle
1441 1570 1575 1605 noveta,
1602 1579 1666 1599 una
1693 1580 1829 1608 ‹rlnarmn
1859 1571 1953 1600 habet
1981 1572 2077 1601 sineru
2105 1573 2144 1601 ah
2174 1582 2236 1601 una

1267 1627 1355 1661 parte
1378 1622 1504 1651 vineam
1525 1631 1588 1660 qne
1608 1623 1669 1651 suit
1684 1623 1845 1652 Johannis
1864 1624 2033 1658 fidit-onis,
2053 1633 2070 1653 a
2095 1626 2236 1654 secunda

1267 1671 1394 1704 {ineam
1419 1683 1481 1712 que
1508 1675 1567 1703 ruit
1590 1675 1702 1710 Kiere,
1725 1684 1742 1703 a
1766 1676 1855 1704 tertia
1879 1676 2007 1705 vinoam
2032 1686 2094 1714 que
2118 1677 2175 1706 fuit
2196 1678 2236 1707 de

1249 1727 1436 1765 .Rapelino,
1453 1735 1470 1755 a
1488 1732 1601 1764 quarta
1620 1736 1692 1756 vero
1710 1727 1835 1755 vincam
1852 1737 1913 1765 qne
1932 1728 1989 1757 [uit
2005 1729 2106 1757 sancti
2123 1729 2234 1758 Salva-

1268 1780 1344 1808 toris
1364 1779 1403 1808 de
1425 1779 1620 1815 Lontaneto;
1643 1779 1741 1808 altera
1762 1779 1854 1808 vinea
1875 1789 1947 1809 vero
1970 1782 2085 1819 rejacet
2106 1781 2138 1809 in
2165 1792 2235 1820 pre-

1267 1832 1350 1862 dicto
1367 1831 1447 1866 1000,
1461 1835 1490 1860 ct
1509 1832 1603 1861 habet
1619 1832 1699 1860 fines
1715 1832 1754 1861 ab
1772 1842 1834 1861 una
1851 1838 1937 1870 parte
1956 1834 2083 1862 vineam
2100 1843 2161 1872 qne
2178 1834 2237 1863 fnit

1268 1885 1428 1915 Guidonis
1445 1884 1670 1921 Barliegelate,
1687 1894 1704 1913 a
1724 1885 1864 1914 secunda
1882 1886 2008 1914 vineam
2027 1896 2088 1923 qne.
2106 1887 2162 1915 fnit
2182 1896 2235 1915 uc-

1268 1944 1376 1976 potum
1396 1938 1575 1976 presbyteri
1593 1938 1714 1972 Alexii,
1733 1947 1750 1966 a
1770 1939 1858 1966 tertia
1878 1943 1992 1967 terrani
2009 1938 2179 1968 Gnmicelli
2198 1940 2236 1968 de

1268 1991 1384 2027 Dulce,
1409 2000 1427 2019 a
1455 1995 1566 2028 quarta
1592 1999 1665 2019 vero
1695 1996 1808 2019 terrani
1836 2000 1897 2029 que
1923 1992 1984 2020 [uit
2006 1992 2172 2021 Aidenulli
2199 1994 2237 2021 de

1284 2044 1486 2081 'iispanpena
1503 2044 1549 2071 Ita
1565 2043 1648 2081 quod
1666 2043 1703 2071 de
1717 2049 1819 2072 cetero
1838 2052 1940 2081 neque
1957 2052 2024 2080 ego,
2038 2053 2141 2082 neque
2159 2054 2238 2074 uxor

1269 2105 1356 2131 mea,
1376 2101 1429 2124 aut
1446 2096 1580 2125 heredes
1596 2096 1659 2124 mei
1677 2100 1731 2124 aut
1747 2095 1810 2124 alia
1833 2104 1888 2133 per
1907 2104 1964 2124 uos
1986 2097 2145 2125 submissa
2169 2106 2237 2134 per-
2282 2117 2284 2119 >

1269 2158 1358 2185 sona,
1383 2148 1507 2186 aliquid
1525 2148 1556 2176 in
1575 2148 1852 2186 supranominatis
1871 2148 1965 2177 relius
1982 2149 2109 2185 exigere
2124 2150 2238 2178 audeat

1269 2210 1287 2229 a
1306 2205 1334 2230 te
1355 2202 1474 2230 domno
1495 2210 1571 2238 papa
1588 2201 1732 2230 Adriano
1754 2209 1807 2230 scu
1832 2201 1905 2230 aliis
1933 2201 2085 2230 Romanis
2103 2201 2238 2230 Pontifi-

1268 2254 1369 2283 cibus.
1401 2253 1492 2289 Qnod
1518 2254 1543 2282 si
1573 2253 1693 2291 aliquis
1720 2258 1902 2283 nostrorum
1931 2258 2039 2282 contra
2066 2254 2237 2292 predictam

1268 2305 1424 2336 cartulam
1447 2306 1648 2335 refutationis
1669 2310 1763 2343 atque
1785 2306 2010 2335 transactionis
2029 2306 2137 2344 aliquo
2157 2310 2238 2336 tem-

1245 2348 1251 2359 *
1268 2367 1344 2397 pore
1371 2358 1482 2387 venire
1508 2358 1725 2396 temptaverit,
1753 2358 1898 2395 promisit
1919 2358 1994 2386 dare
2016 2358 2135 2387 domno
2160 2368 2238 2396 pape

1270 2411 1415 2441 Adriano
1432 2412 1482 2441 vel
1499 2412 1564 2440 suis
1578 2411 1744 2444 catholicis
1759 2411 1994 2440 successoribus
2010 2412 2141 2440 nomine
2158 2420 2238 2449 pene

1260 2588 1274 2607 2
1290 2588 1374 2606 cczzo
1390 2582 1413 2605 Α
1427 2595 1456 2598 -
1474 2586 1498 2606 ιι.
1514 2582 1662 2611 predictam
1681 2588 1734 2604 om.
1751 2582 1773 2604 Α
1790 2593 1817 2598 -
1836 2586 1859 2605 17
1875 2581 1908 2604 de
1926 2581 2072 2605 Pissarello
2086 2595 2114 2599 —
2128 2587 2157 2606 23
2173 2582 2237 2604 ltdi-

1229 2627 1307 2650 zonis
1324 2627 1347 2649 A
1363 2639 1390 2643 —
1405 2630 1435 2650 ΩΔ
1451 2626 1542 2654 Kyere
1559 2626 1582 2648 A
1598 2639 1626 2642 —
1643 2630 1672 2649 26
1689 2625 1845 2648 Luutancto
1861 2626 1884 2648 A
1900 2638 1927 2641 —
1944 2630 1973 2649 29
1991 2625 2138 2649 Guinicelli
2155 2626 2177 2648 A

1268 2795 1290 2820 1.
1311 2794 1445 2826 viter-be,
1459 2794 1555 2827 juillet
1580 2793 1645 2819 1158
1666 2796 1747 2826 (corr.
1765 2802 1840 2819 anno
1861 2794 1924 2819 eius
1943 2793 2021 2825 llll).
2038 2808 2073 2813 —
2088 2793 2237 2826 Muratori,

2290 958 2312 976 10

2292 1218 2312 1235 15

2292 2002 2316 2021 30

1230 2847 1251 2869 t.
1266 2842 1295 2875 I,
1314 2852 1340 2877 p.
1359 2842 1428 2873 679;
1444 2841 1568 2867 Theiner
1580 2863 1586 2872 ,
1603 2847 1634 2867 n⁰
1650 2841 1694 2867 ⁶24.
1707 2855 1743 2861 —
1756 2841 1894 2871 Albinus,
1915 2841 1956 2867 XI
1973 2842 2017 2867 46.
2036 2841 2113 2868 Gezo
2128 2842 2163 2868 de
2179 2842 2239 2868 Da-

1231 2891 1327 2917 miano
1348 2889 1421 2916 vend
1442 2898 1477 2916 au
1499 2898 1571 2924 pape
1591 2889 1699 2916 Adrion
1717 2889 1769 2918 IV.
1790 2891 1957 2924 represents}
1972 2898 2023 2924 par
2042 2889 2137 2916 Boson
2150 2912 2156 2921 ‚
2173 2899 2238 2916 car-

1231 2938 1306 2965 dinal
1321 2942 1350 2964 et
1363 2939 1511 2969 camel-ier,
1525 2946 1597 2971 pour
1613 2937 1693 2968 3,000
1709 2946 1802 2964 mares
1817 2937 1948 2972 d'argent
1958 2937 2054 2964 divers
2066 2938 2238 2965 immeubles

1232 2988 1326 3013 situes
1341 2988 1355 3012 a
1371 2986 1477 3012 Orchia
1493 2990 1522 3012 et
1533 2994 1589 3012 aux
1605 2985 1752 3012 cnvirons.
1770 2985 1813 3012 Cf.
1830 2985 1938 3018 Boson,
1957 2986 1975 3011 l.
1992 2994 2014 3012 c.

167 2863 184 2883 3
199 2858 271 2882 tituli
285 2865 341 2882 om.
355 2859 379 2882 A
392 2872 421 2876 —
435 2864 448 2884 ε
461 2859 523 2882 diac
546 2859 680 2883 cardinali
694 2867 730 2883 ss.
745 2863 963 2890 <martyrum>
975 2860 999 2883 A
1011 2873 1041 2878 —
1055 2865 1068 2885 s
1084 2860 1148 2885 Ste-

136 2902 195 2926 rani
211 2903 234 2925 Α
254 2916 284 2919 -
305 2907 330 2927 12
350 2902 527 2926 Urbevetano
544 2903 567 2926 A
587 2916 616 2920 —
634 2908 665 2928 20
685 2904 802 2927 acrescit
817 2903 839 2928 C
858 2917 888 2921 —
908 2909 938 2929 23
953 2904 1067 2934 pignum
1082 2904 1103 2928 C
1118 2917 1149 2922 -

136 2950 168 2971 38
187 2946 296 2977 signum
313 2947 394 2976 <†>
409 2948 432 2971 A
451 2960 480 2964 -
499 2952 530 2971 40
551 2947 726 2977 buttilgerius
741 2948 766 2971 Α
785 2961 814 2965 —
833 2952 857 2972 ιιι
879 2950 942 2972 Post
958 2949 1110 2978 Royerium
1125 2951 1146 2972 Α

137 2990 218 3014 habel
235 2999 242 3014 .·
257 2990 411 3015 Donuellus
427 2992 514 3015 testis
530 3004 560 3008 —
574 2996 605 3016 ⁴2
620 2991 733 3015 Riccius
748 2993 772 3016 A
