2434 3530
74 913 97 930 10

74 1175 98 1193 ¹5

75 1439 101 1458 20

76 1808 103 1826 2'5

80 2123 106 2141 3⁰

82 2387 110 2406 35

674 359 725 388 LE
749 358 893 388 LIBER
916 355 1149 387 CENSUUM
1175 355 1228 383 DE
1254 349 1438 383 L‘t'ffifflsn
1463 354 1670 384 ROMAINE.

163 436 181 456 a
199 426 336 466 presenti
351 425 402 454 die
417 435 517 463 usque
533 425 570 454 ad
585 425 791 454 Nativitatem
807 423 938 453 Domini
953 426 1132 461 presentem

164 488 223 517 ego
241 478 289 508 vel
306 479 368 507 mei
386 478 531 513 heredes,
551 477 611 512 vel,
629 477 656 506 si
678 478 747 506 sinc
767 476 938 506 heredibus
956 475 1132 508 decessero,

164 531 351 562 Tancredus
387 530 436 559 vel
464 531 513 560 sui
539 530 684 566 heredes,
713 529 778 564 vel,
809 529 835 557 si
861 529 930 557 sine
961 526 1134 556 heredibus

164 584 336 618 defecerit,
358 583 532 613 Ossreducii
555 582 615 611 filii
640 582 688 611 vel
712 582 838 611 illorum
858 580 1004 615 heredes,
1021 588 1132 616 supra-

166 637 268 667 dictos
285 636 433 665 denarios
452 644 515 664 non
536 635 782 669 reddiderimus,
801 633 983 671 supradicta
1003 632 1134 669 pignora

165 690 309 720 habeatis
330 689 509 726 iisdemque
531 696 586 726 pro
604 687 684 716 velle
707 686 874 721 fruamini,
892 693 1060 723 quousque
1081 693 1134 713 su-

167 743 343 780 pradictam
359 742 527 779 pecuniam
544 749 601 778 ego
614 739 662 768 vel
677 740 739 768 mei
756 738 888 767 heredes
904 736 1135 767 testamentarii

167 795 215 824 vel
233 794 371 832 legitimi
389 793 560 822 solvemus.
580 792 614 822 Si
632 800 704 821 vero
721 791 758 819 ad
777 791 952 828 predictum
967 790 1051 818 diem
1067 789 1134 818 Na-

171 847 305 876 lix-itatis
333 855 396 876 uon
423 845 674 880 reddiderimus,
701 844 929 881 fructuumque
955 842 1134 872 molestiam

167 900 260 930 vobis
284 899 334 928 vet
358 898 471 927 vestris
495 897 662 927 catholicis
686 896 922 925 successoribus
947 895 1135 930 fecerimus,

169 952 304 991 duplum
324 959 513 989 componere
528 949 745 988 promittimus
760 948 806 977 rel
822 948 885 977 mei
902 948 1034 977 heredes
1048 947 1136 976 vobis

167 1005 217 1034 vel
237 1004 350 1034 vestris
368 1003 531 1033 vatholieis
547 1001 796 1032 successorihus.
817 1001 872 1031 Sin
890 1006 996 1030 antem
1013 1009 1070 1038 ego
1088 1000 1136 1029 vel

168 1058 233 1088 mei
248 1057 381 1087 heredes
398 1056 629 1086 testamentarii
644 1055 693 1084 vel
708 1054 847 1092 legitimi
860 1054 949 1083 vobis
962 1053 1010 1083 vel
1024 1054 1136 1083 vestris

165 1110 333 1140 catholicis
347 1109 583 1138 successoribus
599 1107 812 1146 supradictam
830 1106 1000 1144 pecuniam
1013 1105 1136 1135 solvere

171 1165 270 1202 parati
284 1163 405 1192 erimus
418 1166 447 1192 ct
459 1162 600 1199 accipere
613 1159 793 1193 nolueritis,
809 1158 937 1198 [ve]stra
950 1159 1138 1188 anctoritate

167 1216 199 1245 iu
219 1215 412 1254 supradictis
429 1213 616 1252 pignoribus
634 1212 758 1250 ingredi
778 1212 870 1241 nobis
883 1212 923 1241 sit
936 1211 1074 1240 licitum.

209 1268 347 1305 Signum
365 1276 480 1296 manns
494 1266 640 1296 Raiuerii
656 1266 709 1304 qui
727 1265 810 1294 hauc
826 1264 982 1294 cartulam
1001 1264 1137 1293 scribere

168 1321 304 1358 rogavit.
319 1320 417 1357 Signa
435 1328 590 1348 manuum
605 1318 765 1348 Seneballi
781 1317 913 1346 lluberti
928 1317 998 1350 filii,
1013 1321 1042 1346 et
1058 1317 1139 1346 vice-

168 1374 294 1404 comitis
312 1372 469 1407 Vetralle,
488 1377 518 1401 et
534 1370 689 1401 Fuscouis
709 1370 816 1400 Pontii
834 1370 907 1406 filii,
926 1375 956 1399 et
970 1369 1138 1399 Vx'arrierii

168 1427 207 1456 de
236 1426 392 1461 l3iterhio,
413 1425 570 1454 Gnidonis
593 1424 744 1454 [tollaudi
766 1423 836 1459 filii,
860 1423 914 1461 qui
939 1423 1039 1460 rogati
1063 1427 1140 1452 sunt

172 1484 277 1509 testes.

211 1533 275 1569 Ego
304 1533 416 1561 Petrus
443 1531 543 1569 judex
570 1529 711 1560 Vetralle
739 1529 823 1559 hauc
848 1534 966 1558 cartam
995 1529 1140 1567 pignoris

169 1585 284 1623 scripsi
301 1589 396 1623 atque
413 1583 583 1622 complevi.

132 1743 367 1772 Lxxxxvn.
393 1758 429 1762 —
452 1742 543 1777 Qcoo
569 1750 711 1771 casrnmt
735 1741 912 1770 Monicicm
934 1749 1020 1770 suuis
1050 1749 1140 1769 ΒΕΑΤΙ

173 1796 271 1835 ΡΕτιιι
288 1805 335 1825 s1T
352 1797 373 1824 ¹.

213 1902 249 1931 lu
269 1902 399 1930 nomine
416 1900 521 1929 Patris
539 1905 569 1929 et
583 1900 658 1929 Filii
673 1905 703 1928 et
718 1900 856 1937 Spiritus
872 1899 985 1928 sancti.
999 1900 1096 1928 Anno
1111 1908 1143 1928 Vl

175 1955 378 1993 pontificatus
395 1954 504 1983 domni
524 1952 675 1990 Gregorii
698 1962 775 1990 pape
792 1953 866 1989 Vll,
885 1961 996 1981 meuse
1013 1961 1144 1981 novem-

174 2008 240 2037 bris
260 2008 311 2037 die
330 2016 407 2043 xvzi,
427 2007 604 2035 indictione
624 2015 664 2042 ιι,
683 2006 797 2035 Rome.
818 2006 881 2043 Ego
899 2006 1004 2035 Mai-ro
1025 2005 1145 2035 Gisleri

173 2061 262 2089 filius
286 2060 445 2089 habitator
465 2059 499 2088 iu
521 2059 638 2088 ducatu
658 2058 828 2097 Spoletauo
850 2067 904 2096 pro
926 2059 1146 2097 redemptione

175 2115 285 2143 anime
311 2122 380 2142 mee
405 2117 435 2141 et
463 2116 630 2150 pareutum
657 2120 803 2140 meorum
831 2111 914 2140 dono
940 2111 1027 2140 trado
1051 2115 1146 2149 atque

174 2167 274 2196 offero
296 2166 385 2195 beato
406 2166 498 2195 Petro
517 2164 742 2203 Apostolorum
768 2165 905 2202 principi
931 2168 960 2193 et:
985 2174 1079 2203 super
1099 2165 1146 2193 al-

178 2224 243 2248 tare
267 2219 337 2257 ejus
360 2218 469 2247 onmia
492 2227 554 2256 que
579 2217 661 2247 mihi
689 2218 851 2256 pertinent
877 2218 914 2246 de
939 2221 1040 2246 castro
1062 2217 1147 2255 quod

176 2275 308 2301 vocatur
331 2270 510 2307 Moricicla,
533 2270 669 2308 positum
694 2271 778 2299 inter
805 2270 957 2299 Min-icem
984 2275 1015 2299 et
1040 2269 1146 2299 Clari-

176 2333 336 2362 gnanum,
359 2323 442 2361 quod
460 2323 677 2361 conquisitum
697 2323 799 2352 habeo
822 2331 877 2360 per
900 2323 1148 2352 concambiatio-

179 2385 253 2406 nem
280 2385 297 2406 a
314 2376 439 2406 Litaldo
459 2381 489 2406 et
505 2377 642 2414 Hugone
659 2376 826 2414 nepotibus
845 2376 993 2413 Hugonis
1010 2375 1071 2404 filii
1088 2377 1148 2404 As-

178 2430 242 2458 cari
264 2429 296 2458 in
327 2429 417 2467 plebe
440 2429 478 2458 de
497 2429 653 2466 Luzzano,
671 2432 830 2458 reservato
852 2428 1017 2457 usufructu
1036 2427 1150 2457 diebus

168 2612 184 2632 3
201 2608 242 2630 vel
259 2607 293 2637 si]
311 2612 337 2631 ct
354 2608 377 2630 si
393 2607 416 2631 A
431 2620 461 2624 —
477 2612 492 2632 5
506 2607 664 2630 dederimus
679 2607 702 2630 A
718 2621 746 2623 —
763 2612 776 2631 6
792 2606 954 2636 hisdemque
969 2607 991 2629 A
1005 2619 1034 2623 —-
1053 2612 1070 2631 ΙΙ
1087 2613 1151 2636 pro-

137 2652 273 2675 mittimus
292 2651 410 2682 <ego>
428 2652 450 2674 A
465 2664 495 2668 -—
513 2656 537 2675 15
553 2654 648 2674 nostra
663 2650 682 2674 C
698 2663 729 2668 --
748 2655 770 2675 17
787 2657 884 2674 cruces
898 2651 1027 2679 appinyit
1043 2650 1066 2673 A

169 2700 200 2720 36
218 2696 328 2719 1.uzano
346 2696 369 2719 A

177 2866 203 2892 1.
222 2865 330 2896 Rome,
350 2866 380 2891 17
398 2873 462 2890 nov.
485 2864 562 2891 1078.
579 2879 612 2884 -
628 2860 776 2896 Mun-aton,
795 2867 871 2895 Ant.⁷
889 2867 909 2890 t.
928 2863 979 2896 IV,
997 2873 1024 2898 p.
1040 2862 1102 2890 243.
1119 2878 1153 2882 —

139 2914 281 2947 Albinus,
302 2913 343 2939 XI
362 2914 403 2940 1-3.
421 2913 527 2944 Murro,
545 2913 589 2939 fils
610 2913 644 2939 de
667 2912 773 2946 Gisler,
796 2912 833 2938 du
855 2912 948 2939 duche
971 2912 1005 2938 de
1027 2912 1152 2947 Spol'ettu

139 2961 211 2988 offe-e
227 2964 243 2988 a
259 2962 336 2988 saint
359 2961 457 2988 Pierre
479 2961 503 2987 le
526 2961 646 2988 chateau
671 2961 704 2986 dc
728 2960 911 2987 Mor-ciccliia.
935 2959 1016 2986 Cette
1037 2961 1118 2995 piece
1138 2968 1155 2986 a

138 3009 206 3044 deja
221 3012 266 3037 ete
282 3011 417 3045 a11.ilysee
431 3010 592 3041 ci—dessus,
610 3018 637 3044 p.
655 3009 716 3041 354,
730 3009 743 3044 ἓ
759 3009 804 3035 78.
820 3009 864 3037 Ct.
882 3018 908 3043 p.
925 3009 957 3036 84
967 3008 991 3036 b.

284 3071 369 3099 Lmen
389 3071 531 3099 Cssusuum.
551 3084 589 3091 -—
606 3070 630 3096 I.

2161 356 2219 386 385

1257 420 1320 449 vite
1345 429 1414 449 mee
1440 425 1469 449 et
1498 421 1623 449 Brittuli
1650 421 1707 449 lilii
1735 422 1794 450 mci
1823 426 1852 450 et
1877 422 2014 451 tiliorum
2041 422 2167 452 Brittuli
2193 423 2220 452 si

1257 472 1389 501 masculi
1405 472 1537 502 suerint.
1555 473 1593 501 dc
1610 473 1750 510 legitimo
1766 475 1916 511 conjugio
1933 475 2098 512 procreati.

1217 629 1524 658 Lxxxxx'111.—
1541 630 1586 658 Du
1603 639 1824 664 Aoocisirioxr:
1841 632 1998 661 Concmxi
2018 634 2039 661 ¹.

1300 737 1395 764 Anno
1407 735 1571 764 dominice
1582 736 1814 765 incarnationis
1828 742 2007 774 :=i⁴³u⁰i.⁰vni‘*‚
2022 739 2223 775 pontitivatus

1258 796 1332 817 vero
1348 788 1455 817 domni
1471 788 1605 817 Adriani
1623 789 1682 817 llll
1696 798 1773 827 papo
1787 798 1871 818 auno
1884 794 1952 824 11110,
1966 800 2019 819 vni
2034 791 2077 820 kl.
2092 796 2223 829 septem-

1259 841 1333 875 bris,
1354 841 1432 870 Boso
1449 846 1633 870 sanctoruni
1651 842 1762 870 Cosme
1780 846 1807 870 eft
1827 843 1975 871 Damiani
1991 843 2143 873 diaconus
2159 853 2223 873 car-

1258 893 1385 928 dinalis,
1405 894 1516 923 domni
1536 904 1611 932 pape
1625 895 1833 931 cuuierarius,
1851 901 1880 924 et
1899 897 2100 926 llaimundus
2118 902 2223 927 sancto

1262 947 1361 976 Mai-ie
1374 947 1404 975 iu
1421 947 1479 976 Via
1493 947 1553 975 lata
1569 948 1720 976 diaconus
1732 948 1904 977 cardinalis
1918 954 2105 987 receperunt
2120 951 2222 979 muni-

1259 1000 1380 1029 tionem
1395 1000 1488 1028 castri
1499 1000 1645 1029 Coi-claui
1657 1000 1694 1029 de
1707 1010 1802 1028 inann
1820 1001 2223 1040 Buccaleouis.etcorpora-

1259 1052 1332 1081 liter
1348 1053 1490 1081 investiti
1509 1053 1637 1081 suntab
1654 1053 1762 1081 eodeni
1783 1054 1976 1083 Buccaleoue
1989 1055 2027 1083 de
2042 1055 2109 1092 ipso
2125 1060 2225 1085 castro

1261 1114 1334 1135 cum
1354 1105 1506 1134 omnibns
1528 1105 1730 1142 pertinentiis
1751 1106 1819 1134 suis
1841 1116 1893 1143 per
1913 1107 2119 1135 catur-tionem
2142 1113 2225 1145 porte

1261 1157 1394 1195 predicti
1410 1158 1517 1186 castri.
1531 1158 1675 1186 Presatns
1691 1166 1762 1186 vero
1777 1158 1951 1187 Buca-aleon
1968 1159 2103 1188 absolvit
2115 1154 2226 1190 omues

1260 1210 1410 1239 homines
1426 1209 1513 1238 illius
1530 1210 1623 1239 rastri
1646 1220 1660 1238 a
1683 1211 1865 1246 juramento
1883 1211 2042 1240 fidelitatis
2057 1221 2119 1250 quo
2135 1213 2161 1241 ei
2181 1218 2226 1241 te·

1263 1264 1434 1298 uebantur,
1453 1263 1629 1300 precipiens
1646 1263 1691 1291 vis
1711 1268 1743 1290 ut
1759 1263 1877 1292 domno
1896 1273 1971 1301 pape
1988 1264 2130 1293 Adriano
2147 1265 2228 1293 suis-

1263 1324 1325 1354 que
1343 1315 1581 1344 suceessoribus
1598 1316 1636 1344 de
1651 1319 1753 1344 cetero
1771 1316 1878 1344 fideles
1894 1317 2041 1345 existant.
2058 1317 2146 1345 Tunc
2164 1317 2227 1345 Ste-

1263 1369 1383 1407 phania
1405 1373 1505 1397 mater
1521 1373 1550 1397 et
1565 1368 1634 1397 Odo
1651 1368 1689 1397 de
1708 1368 1844 1397 Gai-deiri
1861 1369 2069 1398 consoliniuus
2089 1369 2228 1407 rjus-deni

1265 1421 1473 1451 Buccaleonis
1491 1421 1710 1450 refutaverunt
1725 1421 1754 1448 iu
1771 1421 1918 1449 manibus
1937 1421 2148 1458 predictorum
2166 1431 2230 1450 car-

1264 1474 1426 1503 dinalium
1454 1473 1606 1512 quicquid
1631 1474 1716 1512 juris
1743 1473 1936 1502 videbantur
1961 1473 2078 1503 habere
2105 1474 2137 1502 iu
2164 1474 2231 1512 ipso

1264 1531 1366 1557 castro
1383 1531 1412 1556 et
1427 1527 1560 1565 insuper
1577 1527 1661 1555 idem
1681 1526 1748 1556 Odo
1765 1528 1951 1564 juramento
1969 1527 2110 1556 firmavit
2126 1537 2158 1557 se
2174 1528 2231 1557 ol]-

1265 1585 1466 1610 servaturum
1493 1585 1643 1618 perpetuo
1668 1580 1892 1609 refutationem
1912 1581 2023 1618 ipsam.
2046 1581 2109 1609 Hec
2125 1584 2231 1609 autem

1264 1634 1374 1674 omnia
1390 1633 1470 1662 sacta
1487 1634 1609 1662 suntin
1628 1633 1786 1671 presentia
1805 1633 1839 1661 Ρ.
1857 1634 1942 1662 urbis
1959 1633 2105 1670 prefecti,
2130 1633 2231 1670 [ioge-

1264 1687 1304 1716 rii
1329 1686 1439 1716 domni
1462 1696 1539 1724 pape
1560 1686 1765 1721 subdiaconi,
1784 1686 1928 1722 Gregorii
1948 1686 2064 1723 judicis
2080 1685 2118 1715 de
2135 1686 2231 1721 Cora,

1265 1740 1351 1769 Petri
1368 1739 1563 1775 buticularii,
1586 1739 1748 1767 Benedicti
1767 1739 1916 1774 Zenonis,
1933 1738 2094 1767 Sanxonis
2110 1739 2147 1767 de
2166 1739 2231 1767 Ma-

1265 1792 1362 1827 cello,
1385 1796 1414 1822 et
1439 1791 1575 1821 alioruin
1604 1791 1817 1830 plurimorum
1847 1791 2144 1820 circumastantium
2170 1797 2232 1820 tam

1267 1845 1406 1874 militum
1422 1854 1516 1883 qnam
1536 1852 1759 1873 massanornm
1773 1843 2036 1873 Corcluueusium
2050 1848 2078 1872 et
2093 1843 2233 1873 servien-

1271 1898 1350 1927 tium
1367 1897 1405 1926 de
1421 1897 1550 1926 civitate
1566 1896 1746 1926 Castellaua
1764 1902 1794 1925 et
1809 1896 1964 1926 Viteibio.

1230 2056 1500 2085 Lxxxxvtiti.

1270 2118 1310 2137 nu
1325 2110 1347 2137 ².

1540 2073 1577 2077 —
1614 2056 1763 2084 (IARTULA
1802 2055 2022 2085 BUCCALEONIS
2057 2064 2096 2084 DE
2134 2064 2237 2083 EADEM

1313 2214 1350 2243 In
1379 2214 1513 2243 nomine
1540 2213 1681 2243 Domini.
1711 2215 1807 2242 Anno
1831 2214 1975 2251 ejusdem
2003 2213 2240 2242 incarnationis

1262 2376 1276 2396 3
1295 2376 1354 2398 Auo.
1373 2372 1395 2395 A
1410 2385 1438 2388 —
1454 2376 1466 2395 7
1485 2371 1580 2400 noym.
1597 2371 1796 2398 <diaconus>
1819 2372 1839 2393 A
1863 2383 1891 2386 —
1911 2375 1924 2394 8
1941 2370 2074 2393 diaconus
2090 2377 2145 2394 om.
2169 2370 2191 2393 A
2212 2382 2241 2386 —

1234 2421 1258 2440 18
1273 2415 1352 2439 Oddo
1368 2416 1430 2445 (bis)
1446 2416 1468 2438 A
1485 2429 1514 2432 —
1529 2420 1559 2440 23
1576 2415 1695 2438 Saxonis
1710 2415 1743 2438 dc
1760 2415 1887 2438 Marcello
1905 2416 1925 2437 A

1272 2572 1296 2598 t.
1318 2572 1351 2598 25
1374 2573 1441 2598 aout
1462 2572 1541 2598 1158.
1565 2586 1596 2590 ——
1619 2571 1757 2601 Albinus,
1785 2570 1828 2596 XI
1851 2571 1894 2596 37.
1919 2569 2138 2596 Preces-verbal
2159 2569 2194 2595 de
2218 2571 2242 2595 la

1237 2620 1340 2646 remise
1362 2620 1400 2646 du
1423 2620 1542 2645 chalcan
1564 2619 1598 2645 de
1620 2619 1779 2645 Coi-chiano
1801 2621 1846 2651 (an
1872 2617 1957 2644 S.-O.
1983 2617 2018 2643 de
2038 2617 2162 2649 Gallese)
2185 2625 2240 2643 aux

1235 2668 1391 2695 cardin-<mx
1426 2667 1539 2700 Bosou,
1567 2667 1720 2700 cumei-ier,
1747 2670 1776 2693 et
1807 2666 1968 2701 Raymond.
2004 2665 2045 2691 Ici
2075 2673 2242 2691 commence

1236 2725 1292 2742 une
1312 2717 1387 2742 se'rie
1407 2716 1442 2742 dc
1467 2716 1563 2750 pieces
1590 2715 1712 2747 ies-130)
1740 2719 1835 2740 tontes
1863 2714 2016 2740 afferentes
2038 2722 2075 2739 au
2097 2713 2244 2747 pontificat

1235 2764 1373 2790 d‘Adrien
1391 2763 1442 2790 lv.

1271 2813 1297 2840 ’2.
1323 2813 1425 2844 Narni,
1448 2813 1461 2838 4
1483 2814 1550 2838 amit
1577 2812 1654 2838 ¹158.
1677 2827 1710 2830 -
1733 2811 1888 2842 Muratori,
1909 2814 1986 2843 Ant„
2003 2814 2022 2836 t.
2042 2810 2069 2841 I,
2086 2820 2112 2845 p.
2135 2811 2193 2837 139.
2209 2825 2244 2831 -

1236 2862 1373 2891 Albinus,
1389 2861 1430 2887 XI
1442 2861 1486 2887 28.
1502 2860 1687 2890 Boccakeone,
1701 2861 1838 2893 seigneur
1849 2859 1884 2885 de
1896 2859 2066 2892 Corchiano,
2081 2859 2154 2885 vend
2168 2863 2244 2886 cette

1237 2911 1316 2946 place
1342 2919 1377 2936 au
1405 2918 1476 2945 pape
1503 2909 1611 2936 Adi-ien
1636 2908 1675 2935 lv
1703 2917 1774 2943 pour
1801 2909 1848 2935 140
1873 2909 1970 2934 tivi-es.
1996 2921 2033 2928 —
2056 2907 2164 2937 Boson.
2191 2907 2244 2933 Vie

1236 2959 1374 2985 d’Adrien
1392 2958 1432 2985 IV
1449 2959 1487 2992 (L.
1506 2960 1549 2990 P„
1569 2962 1588 2984 t.
1615 2957 1658 2990 ΙΙ,
1684 2966 1709 2992 p.
1733 2958 1794 2989 396)
1816 2966 1823 2983 :
1841 2958 2015 2990 comparavit
2032 2958 2105 2982 enim
2121 2959 2244 2983 casn-um

1237 3009 1366 3035 corclani
1381 3016 1397 3032 α
1414 3008 1573 3033 Buccateone
1586 3014 1637 3040 pro
1654 3007 1712 3034 ΟΠ,
1728 3007 1807 3032 lt'bris
1820 3007 2038 3038 affortiatorum.

2071 3067 2104 3094 49

2282 1066 2306 1084 to

2286 1592 2312 1608 ΞΟ
