2434 3530
96 916 119 934 ¹0

97 1177 119 1196 15

102 2226 126 2244 35

101 2488 126 2506 to

147 369 203 400 364

189 435 304 465 torinm
320 433 486 467 valvense,
499 431 633 465 Callem,
649 429 800 464 Luciolis‚
816 429 976 466 Egubium
990 437 1061 457 cum
1080 436 1149 456 om-

189 487 282 515 nibus
302 485 419 513 finibus
436 493 470 513 ac
489 483 654 512 territoriis
678 482 714 510 ad
738 481 865 510 easdem
888 481 1032 510 civitates
1052 479 1149 518 perti-

191 539 348 567 nentibus.
369 536 485 565 Eodem
505 535 596 564 modo
612 534 807 563 territorium
825 533 1015 568 Sabineuse,
1034 533 1115 562 sicut
1132 542 1149 560 a

187 591 329 627 genitore
353 594 460 618 nostro
481 587 599 616 Karolo
620 588 810 624 imperatore
830 586 920 615 beato
945 586 1038 615 Petro
1057 594 1148 623 apos-

189 643 250 672 tolo
290 651 344 679 per
380 639 565 669 donationis
605 639 755 677 scriptum
787 647 975 668 concessum
1010 642 1056 666 est
1091 637 1150 666 sub

188 695 380 730 integritate,
408 691 680 730 quemadmodum
710 691 748 720 ab
773 691 893 720 Itbcrio
916 694 946 719 et
972 689 1150 728 Majeuario

188 746 354 775 abbatibus
385 745 492 773 missis
521 743 608 773 illius
636 744 720 772 inter
740 743 827 772 idem
851 743 1044 772 territorium
1064 742 1151 771 Sabi-

188 808 284 827 neuse
302 803 396 835 atque
416 797 587 826 Reatinum
602 796 772 825 definitum
789 800 846 825 est.

226 851 304 879 Item
322 851 352 879 in
374 849 514 886 partibus
530 849 644 877 Tuscie
662 848 957 884 Longobardorum,
975 846 1150 877 Castellum

188 903 372 938 Felicitatis,
391 902 593 938 Urbivetum,
620 901 778 930 Balneum
797 901 891 938 regis,
914 901 1053 936 Ferenti,
1076 899 1151 928 Cas-

188 960 269 985 trum
298 955 475 989 Viterbum‚
493 953 617 989 Orclas,
641 954 789 989 Mai-tam,
808 953 1000 990 Tuscauam,
1020 951 1153 989 Populo—

188 1009 290 1044 nium,
308 1008 462 1043 Suanam,
485 1006 640 1041 Rosellas,
658 1010 688 1035 et
705 1006 826 1035 insulas
846 1005 1022 1041 Corsicam,
1042 1005 1152 1034 Sardi-

190 1062 277 1091 niam
297 1066 326 1089 et
344 1060 505 1095 Siciliam,
527 1059 585 1089 sub
604 1059 786 1096 integritate
802 1067 874 1087 cum
891 1058 1042 1088 omuibus
1062 1057 1152 1086 adia-

188 1114 333 1143 centibus
349 1122 383 1142 ac
402 1112 571 1141 territoriis
591 1112 774 1142 maritimis.
793 1111 965 1145 littoribus,
985 1110 1149 1148 portubus,

187 1167 225 1195 ad
243 1166 474 1204 suprascriptas
490 1165 633 1194 civitates
654 1169 684 1193 et
702 1163 827 1193 insulas
845 1163 1090 1201 pertinentibus.

227 1220 305 1247 Item
318 1218 349 1246 iu
363 1217 698 1255 partibusCampanie,
709 1217 832 1251 Soram,
846 1218 955 1251 Arces,
970 1217 1152 1254 Aquinum,

189 1273 367 1310 Arpinum,
397 1271 566 1300 Theanum
595 1275 625 1299 et
651 1270 810 1307 Capuam,
839 1273 868 1298 et
896 1269 1091 1307 patrimonia
1114 1268 1152 1297 ad

190 1328 372 1362 potestatem
392 1328 420 1353 et
437 1323 593 1353 ditionem
617 1328 753 1352 vestram
774 1322 980 1360 pertinentia,
1005 1322 1087 1350 sicut
1108 1325 1154 1350 est

190 1377 420 1415 patrimonium
438 1376 702 1405 Beneventanum
725 1380 754 1404 et
775 1375 1029 1410 Salernitanum,
1049 1379 1078 1403 et
1099 1383 1152 1411 pa-

193 1430 378 1458 trimonium
391 1428 537 1457 Calabrie
549 1428 712 1457 inferioris
722 1432 750 1456 et
761 1427 948 1465 superioris,
962 1431 991 1456 et
1003 1427 1153 1464 patrimo-

191 1482 283 1511 nium
304 1481 563 1519 Neapolitanum,
585 1485 615 1509 et
636 1481 830 1518 ubicumque
847 1481 879 1509 in
903 1480 1044 1518 partibus
1061 1479 1154 1516 regui

192 1539 285 1572 atque
302 1534 427 1572 imperii
441 1543 458 1562 a
474 1534 538 1563 Deo
557 1533 646 1562 nobis
661 1533 823 1562 commissi
840 1532 1032 1571 patrimonia
1051 1537 1154 1561 vestra

191 1596 258 1616 esse
277 1591 464 1616 noscuntur.
491 1587 556 1615 Has
573 1595 684 1615 omnes
706 1585 937 1623 suprascriptas
962 1585 1153 1623 provincias,

193 1640 286 1669 urbes
309 1644 339 1668 et
361 1639 516 1673 civitates,
548 1638 661 1677 oppida
688 1642 782 1676 atque
811 1637 950 1673 castella,
976 1637 1096 1667 viculos
1119 1646 1155 1667 ac

193 1691 371 1727 territoria,
400 1692 562 1729 simulque
589 1695 617 1720 et
640 1691 832 1728 patrimonia
853 1691 1003 1728 jamdicte
1023 1691 1155 1720 ecclesie

194 1749 256 1780 tue,
275 1745 363 1773 beate
381 1744 472 1773 Pctre
488 1743 639 1782 apostole,
653 1747 682 1773 et
693 1753 747 1781 per
760 1748 786 1772 te
800 1743 917 1777 vicario
933 1747 984 1773 tuo
997 1743 1156 1782 spirituali

192 1798 270 1835 patri
288 1802 394 1826 nostro
411 1796 528 1826 domno
554 1796 701 1825 Paschali
720 1805 848 1826 summo
868 1796 1008 1834 pontifici
1033 1800 1062 1825 et
1084 1797 1155 1826 001-

192 1849 307 1879 versali
327 1859 404 1887 pape
418 1850 551 1887 ejusque
566 1849 805 1879 successoribus
822 1858 924 1887 usque
942 1850 973 1878 in
992 1849 1088 1878 finem
1107 1858 1155 1879 se-

193 1902 254 1931 culi
277 1911 312 1931 eo
338 1902 430 1931 modo
457 1902 685 1931 confirmamus
703 1905 734 1930 ut
757 1902 789 1930 in
813 1910 870 1931 suo
886 1901 1049 1931 detineant
1070 1903 1154 1940 jure,

193 1956 371 1993 principatu
391 1960 484 1992 atque
498 1955 630 1984 ditione.

233 2007 338 2037 Simili
357 2007 449 2036 niodo
464 2016 517 2045 per
529 2007 586 2036 hoc
605 2012 710 2037 nostre
724 2007 977 2037 confirmationis
993 2008 1156 2037 decretum

195 2059 359 2088 firmamus
381 2059 569 2088 donationes
589 2068 668 2097 quas
693 2060 742 2097 pie
766 2060 996 2089 recordationis
1019 2061 1157 2090 domnus

196 2112 330 2149 Pipinus
348 2121 399 2141 rex
419 2120 496 2140 avus
517 2117 621 2141 noster
643 2116 671 2141 et
698 2117 803 2150 postea
825 2112 964 2142 domnus
985 2116 1014 2142 et
1034 2114 1158 2150 genitor

196 2167 300 2193 noster
323 2164 460 2193 Karolus
483 2165 654 2202 imperator
678 2165 766 2194 beato
786 2165 927 2203 apostolo
951 2166 1043 2195 Petro
1065 2175 1157 2204 spon-

197 2221 287 2245 tanea
314 2216 475 2246 voluntate
498 2216 713 2253 coutulerunt,
741 2226 797 2247 nec
821 2226 884 2247 non
913 2222 942 2247 et
966 2226 1097 2247 censum
1129 2223 1159 2248 et

196 2269 382 2307 pensionem
408 2279 463 2298 seu
487 2275 606 2299 ceteras
629 2270 815 2300 donationes
843 2280 904 2308 que
928 2271 1093 2300 annuatim
1124 2271 1157 2300 in

196 2322 346 2360 palatium
370 2323 452 2359 regis
478 2323 760 2360 Lougobardorum
788 2324 902 2352 inferri
925 2323 1069 2353 solebant
1091 2325 1158 2353 sive

194 2375 231 2403 de
248 2375 362 2403 Tuscia
387 2376 669 2412 Longobardorum
695 2377 761 2405 sive
785 2376 822 2405 de
846 2376 962 2405 ducatu
982 2376 1156 2414 Spoletino,

195 2428 274 2455 sicut
291 2428 321 2456 iu
341 2428 563 2466 suprascriptis
577 2428 805 2457 donationibus
819 2429 1013 2465 continetur,
1032 2430 1159 2458 011111οι-

195 2485 301 2509 samfte
330 2481 481 2509 memorie
516 2481 697 2510 Adrianum
732 2490 844 2519 papam
880 2486 909 2510 et
941 2482 1095 2511 domnum
1123 2492 1158 2512 ac

194 2533 371 2569 genitorem
398 2538 540 2562 nostrum
565 2533 720 2563 Karolum
747 2536 972 2572 imperatorem
996 2535 1157 2571 convenit,

196 2585 324 2622 qnando
340 2585 424 2614 idem
443 2586 581 2624 pontifex
600 2586 704 2615 eidem
723 2586 761 2615 de
787 2587 1009 2624 suprascriptis
1035 2587 1158 2616 ducati-

196 2637 253 2666 bus
277 2638 307 2665 id
332 2642 376 2666 est
399 2637 544 2667 Tnscano
562 2642 590 2667 et
607 2637 770 2675 Spoletina
792 2647 848 2667 sue
871 2639 1068 2668 auctoritatis
1088 2649 1158 2677 pre·

196 2694 320 2728 ceptum
339 2690 552 2726 confirmavit,
570 2699 605 2719 eo
620 2689 739 2719 scilicet
754 2690 846 2719 1110110
865 2696 898 2720 ut
913 2700 951 2720 au
960 2692 1007 2720 nis
1022 2692 1160 2730 singulis

193 2878 198 2896 1
218 2872 351 2897 Balnrnsc
368 2882 394 2902 c,
413 2874 548 2897 Vatnense
566 2874 587 2897 D
604 2888 633 2891 —
649 2879 662 2899 2
683 2875 762 2898 terris
779 2875 802 2898 Α
821 2888 851 2892 —-
871 2881 884 2900 5
905 2879 1068 2906 conceptum
1090 2877 1111 2901 D
1134 2891 1162 2895 -

164 2920 181 2939 tt
200 2915 314 2939 Viterbii
337 2924 349 2940 e
371 2931 399 2934 —
422 2923 446 2942 12
462 2918 601 2941 Corsicam
618 2918 797 2946 <Martam>
813 2919 834 2942 D
854 2933 883 2936 —
904 2925 927 2944 ΙΙ.
943 2921 1071 2944 litoribus
1088 2922 1163 2945 ADV

161 2971 190 2974 —
201 2965 230 2984 24
246 2960 281 2990 ct]
298 2961 362 2983 ι1οΑ
380 2974 403 2977 —
416 2966 444 2985 29
461 2965 490 2984 ut
505 2969 560 2985 otu.
573 2962 594 2984 D
609 2975 637 2978 —
651 2962 772 2985 detineat
787 2963 817 2988 A.
831 2963 959 2987 detineant
976 2964 998 2987 V
1010 2978 1039 2982 —
1053 2970 1081 2990 36
1098 2972 1163 2996 pen-

161 3005 253 3028 siones
269 3004 314 3027 At)
331 3017 359 3020 —
375 3009 404 3028 38
422 3004 570 3034 Spoletano
587 3012 599 3028 c

692 365 742 393 LE
766 364 910 393 LIBER
933 361 1168 392 CENSUUM
1191 361 1246 390 DE
1269 352 1456 391 L’EGLISE
1479 360 1689 391 ROMAINE.

1276 427 1433 464 predictus
1452 436 1566 456 census
1586 427 1718 457 ecclesie
1735 427 1816 456 beati
1832 427 1917 456 Petri
1931 426 2063 465 apostoli
2078 426 2239 465 persolva-

1275 484 1336 514 tur,
1350 479 1436 508 salva
1453 489 1548 517 super
1563 480 1689 510 eosdem
1706 480 1838 510 ducatus
1851 484 1957 509 nostra
1968 480 2000 509 in
2015 480 2167 509 omnibus
2183 479 2240 510 do-

1273 532 1451 562 minatione
1461 537 1491 561 et
1504 532 1637 562 illorum
1651 533 1689 561 ad
1706 536 1846 561 nostram
1862 535 1981 570 partem
1996 532 2239 570 subjectionem.

1313 586 1474 619 Ceterum.
1497 585 1580 614 sicut
1605 585 1760 621 diximus,
1781 585 1891 614 onmia
1910 585 2057 622 superius
2074 584 2239 613 nominata

1274 639 1315 666 ita
1331 638 1368 667 ad
1387 639 1550 675 [ve]stram
1569 643 1690 676 partem
1708 646 1762 675 per
1779 637 1840 667 hoc
1858 641 1964 667 nostre
1985 636 2240 666 confirmationis

1274 689 1436 719 decretum
1462 689 1650 719 roboramus
1670 694 1704 718 ut
1722 689 1754 718 in
1778 693 1881 719 vestro
1899 693 2146 726 vestrorumque
2169 696 2240 718 suc-

1274 751 1435 772 cessorum
1453 743 1760 781 permaneantjure,
1779 742 1972 781 principatu,
1996 745 2089 780 atque
2105 741 2241 776 ditione,

1275 799 1310 823 ut
1324 803 1427 832 neque
1444 804 1461 824 a
1480 795 1570 824 nobis
1590 804 1692 833 neque
1708 804 1726 824 a
1743 794 1818 824 filiis
1835 794 1884 824 vel
1905 793 2143 824 successoribus
2166 802 2240 823 uos-

1277 849 1331 876 tris
1357 856 1412 884 per
1434 847 1600 885 quodlibet
1620 851 1848 884 argumentum
1876 847 1944 876 sive
1966 846 2240 876 machinationem

1275 899 1309 927 111
1321 908 1525 937 quacumque
1537 903 1623 937 parte
1634 899 1802 929 minuatur
1814 902 1916 928 vestra
1928 902 2076 937 potestas,
2086 901 2141 927 aut
2153 897 2243 927 vobis

1274 951 1313 981 de
1329 952 1552 990 suprascriptis
1565 952 1715 981 omnibus
1729 951 1778 981 vel
1790 951 2027 981 successoribus
2039 951 2152 981 vestris
2166 950 2243 980 inde

1275 1004 1398 1042 aliquid
1429 1004 1636 1034 subtrahatur
1666 1004 1705 1033 de
1737 1004 1959 1042 suprascriptis
1989 1003 2141 1033 videlicet
2169 1012 2240 1042 pro-

1276 1057 1396 1093 vintiis,
1421 1057 1567 1092 urbibus,
1592 1057 1789 1093 civitatibus,
1811 1056 1947 1095 oppidis,
1969 1057 2093 1092 castris,
2115 1055 2241 1092 viculis,

1275 1109 1403 1145 insulis,
1423 1109 1591 1139 territoriis
1607 1114 1703 1148 atque
1721 1109 1934 1147 patrimoniis,
1957 1117 2015 1138 nec
2036 1117 2099 1138 non
2117 1113 2147 1138 et
2165 1116 2243 1146 pen-

1276 1162 1422 1192 sionibus
1443 1167 1539 1200 atque
1559 1162 1728 1197 censibus,
1755 1163 1797 1191 ita
1825 1166 1858 1190 ut
1886 1170 1989 1199 neque
2015 1169 2072 1191 nos
2106 1170 2143 1190 ea
2166 1160 2244 1190 sub-

1278 1215 1443 1244 trahamus
1472 1224 1577 1253 neque
1610 1214 1809 1253 quibuslibet
1841 1214 2029 1243 subtrahere
2062 1213 2245 1244 volentibus

1276 1268 1528 1305 consentiamus,
1553 1268 1607 1297 sed
1628 1268 1732 1306 potius
1747 1268 1858 1297 omnia
1873 1276 1937 1305 que
1959 1267 2106 1305 superius
2129 1266 2245 1304 legun-

1278 1327 1338 1358 tur,
1364 1321 1397 1351 id
1420 1327 1465 1350 est
1490 1321 1684 1359 provincias,
1708 1321 1862 1357 civitates,
1888 1321 1999 1356 urbes,
2026 1320 2153 1359 oppida,
2180 1328 2245 1350 cas-

1279 1373 1364 1410 tella,
1392 1374 1551 1403 territoria
1577 1377 1606 1403 et
1630 1373 1823 1412 patrimonia
1853 1378 1946 1412 atque
1970 1372 2106 1407 insulas,
2129 1381 2245 1402 census

1278 1431 1308 1455 et
1322 1426 1490 1464 pensiones
1502 1425 1633 1455 ecclesie
1649 1427 1730 1455 beati
1749 1426 1834 1455 Petri
1853 1425 1985 1463 apostoli
1999 1430 2027 1454 et
2041 1425 2246 1463 pontificibus

1277 1479 1310 1508 in
1330 1479 1544 1508 sacratissima
1562 1479 1650 1508 1111115
1669 1478 1743 1508 sede
1766 1479 1800 1507 iu
1821 1482 2008 1516 perpetuum
2031 1477 2246 1507 residentibus

1278 1532 1311 1561 in
1329 1536 1485 1569 quantum
1503 1540 1672 1570 possumus
1690 1540 1746 1560 nos
1765 1531 1937 1560 defendere
1958 1530 2187 1568 promittimus,
2205 1529 2246 1559 ad

1279 1584 1337 1614 hoc
1354 1588 1387 1613 ut
1403 1584 1512 1614 omnia
1524 1593 1559 1613 ea
1575 1585 1609 1613 in
1627 1584 1716 1613 illius
1733 1583 1903 1613 ditionead
1921 1583 2075 1613 utendum
2093 1586 2122 1612 et
2138 1582 2247 1612 fruen—

1279 1637 1356 1666 dum
1379 1641 1474 1675 atque
1495 1636 1731 1674 disponendum
1757 1636 1893 1665 firmiter
1916 1635 2069 1675 valea[n}t
2093 1634 2244 1674 optineri.

1319 1689 1517 1728 Nullamque
1535 1690 1570 1719 iu
1588 1690 1631 1719 eis
1652 1689 1743 1719 nobis
1768 1693 1888 1727 partem
1905 1694 1959 1718 aut
1979 1692 2163 1727 potestatem
2183 1688 2246 1717 dis-

1280 1742 1420 1780 ponendi
1439 1742 1487 1771 vet
1504 1741 1685 1780 judicandi,
1705 1741 1956 1771 subtrahendive
1981 1745 2037 1770 aut
2060 1739 2247 1769 minorandi

1279 1795 1483 1825 vindicamus
1503 1795 1566 1824 nisi
1585 1794 1712 1834 quando
1727 1795 1766 1823 ab
1782 1794 1838 1824 illo
1854 1794 1911 1832 qui
1929 1803 1964 1823 eo
1989 1797 2129 1832 tempore
2150 1792 2248 1831 hujus

1280 1853 1387 1877 sancte
1408 1848 1539 1878 ecclesie
1561 1848 1704 1885 regimen
1730 1847 1871 1876 tenuerit
1892 1847 1994 1884 rogati
2017 1846 2186 1875 fuerimus.
2210 1845 2250 1875 Et.

1281 1902 1308 1930 si
1326 1901 1463 1940 quilibet
1479 1901 1576 1931 homo
1593 1901 1630 1930 de
1648 1901 1839 1938 supradictis
1855 1900 2042 1930 civitatibus
2055 1899 2094 1928 ad
2111 1902 2248 1928 vestram

1281 1955 1449 1984 ecclesiam
1460 1955 1695 1993 pertinentibus
1707 1954 1745 1983 ad
1760 1962 1814 1983 1105
1828 1954 1950 1982 venerit
1962 1952 2148 1982 subtrahere
2158 1961 2190 1981 se
2198 1960 2248 1981 vo-

1281 2007 1350 2037 lens
1367 2008 1404 2036 de
1421 2012 1524 2036 vestra
1540 2007 1661 2036 ditione
1679 2007 1727 2036 vel
1744 2010 1895 2044 potestate
1913 2005 1962 2035 vel
1978 2005 2120 2043 aliquam
2138 2014 2250 2042 quam·

1280 2059 1359 2089 libet
1383 2060 1531 2098 iniquam
1558 2059 1831 2089 machinationem
1862 2063 2009 2087 metuens
2036 2062 2091 2086 aut
2119 2057 2249 2095 culpam

1281 2113 1484 2142 commissam
1499 2112 1636 2150 fugiens,
1652 2112 1740 2141 nullo
1753 2112 1845 2141 modo
1859 2120 1932 2140 eum
1948 2111 2040 2140 aliter
2054 2110 2250 2148 recipiemus

1282 2166 1343 2194 nisi
1365 2165 1403 2194 ad
1426 2166 1544 2204 justam
1569 2173 1623 2203 pro
1639 2173 1675 2194 eo
1700 2164 1879 2193 faciendam
1904 2163 2182 2198 intercessionem,
2206 2162 2250 2191 ita

1280 2218 1448 2247 dumtaxat
1470 2218 1494 2246 si
1519 2217 1610 2255 culpa
1627 2226 1723 2255 quam
1741 2216 1901 2246 commisit
1920 2215 2057 2245 venialis
2079 2214 2177 2244 fuerit
2198 2214 2250 2243 in-

1282 2276 1392 2306 venta,
1411 2271 1460 2300 sin
1481 2271 1583 2306 aliter,
1603 2269 1874 2308 comprehensum
1894 2272 1996 2298 vestre
2016 2268 2161 2306 potestati
2175 2276 2249 2296 eum

1282 2324 1502 2359 remittamus;
1528 2323 1665 2362 exceptis
1690 2323 1740 2352 1115
1758 2323 1811 2360 qui
1836 2321 2023 2351 violentiam
2047 2320 2095 2350 vel
2122 2328 2250 2358 oppres-

1281 2377 1404 2406 sionem
1423 2376 1637 2414 potentiorum
1655 2375 1737 2414 passi
1758 2375 1827 2404 ideo
1843 2375 1881 2404 ad
1901 2383 1957 2404 nos
1976 2373 2125 2403 venerint
2144 2378 2177 2402 ut
2196 2381 2251 2411 per

1283 2433 1423 2458 nostram
1442 2429 1704 2457 intercessionem
1715 2427 1880 2467 justiciam
1896 2427 2038 2464 accipere
2054 2431 2248 2459 mereantur,

1281 2491 1418 2521 quorum
1439 2481 1538 2511 altera
1554 2481 1693 2511 conditio
1711 2484 1802 2510 estet
1823 2489 1840 2509 a
1857 2479 2077 2518 superioribus
2092 2482 2137 2507 est
2161 2476 2251 2506 valde

1282 2535 1455 2573 disjuncta.

1326 2589 1360 2617 Et
1377 2587 1504 2626 quaudo
1523 2587 1633 2616 diviua
1649 2587 1814 2616 vocatione
1830 2585 1927 2624 hujus
1940 2583 2156 2614 sacratissime
2167 2582 2252 2612 sedis

1284 2641 1423 2679 pontifex
1447 2640 1485 2669 de
1507 2639 1566 2669 hoc
1588 2639 1709 2669 mundo
1734 2638 1932 2676 migraverit,
1953 2637 2062 2667 nullus
2087 2645 2123 2666 ex
2153 2644 2251 2673 reguo

1286 2699 1393 2724 nostro
1410 2697 1464 2722 aut
1488 2693 1628 2722 Francus
1653 2697 1708 2722 aut
1724 2691 1953 2729 Longobardus
1975 2696 2029 2720 aut
2048 2690 2087 2719 de
2109 2688 2254 2728 qualibet

1285 2752 1379 2785 geute
1398 2746 1492 2776 homo
1509 2746 1568 2775 sub
1585 2749 1691 2775 nostra
1710 2749 1862 2784 potestate
1880 2743 2071 2773 constitutus
2085 2741 2252 2771 licentiam

1277 2931 1290 2950 5
1304 2928 1425 2947 nostram
1442 2923 1487 2948 AC
1507 2937 1537 2940 —
1557 2929 1580 2948 19
1596 2929 1751 2953 censusque
1767 2921 1816 2946 DV
1832 2935 1860 2938 —
1876 2926 1905 2946 21·
1924 2923 2005 2951 atque
2025 2920 2097 2950 disp.
2113 2926 2169 2943 om.
2185 2919 2206 2942 D
2223 2931 2253 2936 —-

1246 2969 1336 2992 valeat
1355 2968 1400 2991 AC
1420 2981 1450 2984 —
1470 2973 1493 2993 31
1515 2967 1644 2997 aliquam]
1665 2967 1745 2990 aliam
1764 2966 1838 2989 ADV
1858 2978 1887 2982 -—
1907 2969 1936 2990 40
1958 2967 1999 2988 est:
2020 2966 2084 2987 ante
2100 2962 2180 2987 valde
2195 2968 2252 2986 om.

1248 3012 1296 3035 DV
1312 3025 1341 3028 —
1357 3016 1386 3037 45
1402 3012 1540 3035 licentiam
1557 3012 1688 3039 <habeat
1705 3014 1801 3034 contra
1817 3009 1989 3034 Romanos>
2007 3007 2083 3031 ADV

2299 908 2324 927 to

2300 1170 2326 1189 ¹5

2300 1432 2326 1452 ΞΟ

2303 1958 2329 1977 30

2305 2220 2330 2239 35

2305 2483 2333 2502 ⁴0

2307 2746 2333 2766 45

2430 252 2434 258 .
2381 0 2434 205 „mund
