<?xml version="1.0" encoding="UTF-8"?>
<!DOCTYPE html PUBLIC "-//W3C//DTD XHTML 1.0 Transitional//EN"
    "http://www.w3.org/TR/xhtml1/DTD/xhtml1-transitional.dtd">
<html xmlns="http://www.w3.org/1999/xhtml" xml:lang="en" lang="en">
 <head>
  <title>
</title>
<meta http-equiv="Content-Type" content="text/html;charset=utf-8" />
  <meta name='ocr-system' content='tesseract 3.04.00' />
  <meta name='ocr-capabilities' content='ocr_page ocr_carea ocr_par ocr_line ocrx_word'/>
</head>
<body>
  <div class='ocr_page' id='page_1' title='image "./lelibercensuumde03fabruoft_0121.png"; bbox 0 0 2434 3530; ppageno 0'>
   <div class='ocr_carea' id='block_1_1' title="bbox 672 346 2223 384">
    <p class='ocr_par' dir='ltr' id='par_1_1' title="bbox 672 346 2223 384">
     <span class='ocr_line' id='line_1_1' title="bbox 672 346 2223 384; baseline -0.004 1"><span class='ocrx_word' id='word_1_1' title='bbox 672 354 724 384; x_wconf 77' lang='lat' dir='ltr'>LE</span> <span class='ocrx_word' id='word_1_2' title='bbox 748 354 893 384; x_wconf 75' lang='lat' dir='ltr'>LIBER</span> <span class='ocrx_word' id='word_1_3' title='bbox 916 351 1153 383; x_wconf 75' lang='lat' dir='ltr'>CENSUUM</span> <span class='ocrx_word' id='word_1_4' title='bbox 1177 350 1233 380; x_wconf 73' lang='lat' dir='ltr'>DE</span> <span class='ocrx_word' id='word_1_5' title='bbox 1258 346 1444 380; x_wconf 61' lang='lat' dir='ltr'>[JEGMSE</span> <span class='ocrx_word' id='word_1_6' title='bbox 1468 351 1678 381; x_wconf 63' lang='lat' dir='ltr'>ROMAINE-</span> <span class='ocrx_word' id='word_1_7' title='bbox 2168 349 2223 380; x_wconf 73' lang='lat'>401</span> 
     </span>
    </p>
   </div>
   <div class='ocr_carea' id='block_1_2' title="bbox 119 419 1137 506">
    <p class='ocr_par' dir='ltr' id='par_1_2' title="bbox 119 419 1137 506">
     <span class='ocr_line' id='line_1_2' title="bbox 119 419 1137 456; baseline -0.006 -4"><span class='ocrx_word' id='word_1_8' title='bbox 119 423 245 454; x_wconf 72' lang='lat' dir='ltr'>cxxi.</span> <span class='ocrx_word' id='word_1_9' title='bbox 258 438 301 446; x_wconf 90' lang='lat'><em>-</em></span> <span class='ocrx_word' id='word_1_10' title='bbox 315 421 491 451; x_wconf 62' lang='lat' dir='ltr'>memma</span> <span class='ocrx_word' id='word_1_11' title='bbox 511 429 655 456; x_wconf 63' lang='lat' dir='ltr'>mrum</span> <span class='ocrx_word' id='word_1_12' title='bbox 679 430 717 450; x_wconf 74' lang='lat' dir='ltr'>na</span> <span class='ocrx_word' id='word_1_13' title='bbox 738 428 856 450; x_wconf 66' lang='lat' dir='ltr'>casa-ao</span> <span class='ocrx_word' id='word_1_14' title='bbox 878 419 1012 449; x_wconf 63' lang='lat' dir='ltr'>fumosa</span> <span class='ocrx_word' id='word_1_15' title='bbox 1035 426 1073 447; x_wconf 78' lang='grc' dir='ltr'>εἰ·</span> <span class='ocrx_word' id='word_1_16' title='bbox 1099 426 1137 447; x_wconf 73' lang='grc' dir='ltr'>οε</span> 
     </span>
     <span class='ocr_line' id='line_1_3' title="bbox 160 474 825 506; baseline -0.008 0"><span class='ocrx_word' id='word_1_17' title='bbox 160 483 374 506; x_wconf 59' lang='lat' dir='ltr'>mxcassmass</span> <span class='ocrx_word' id='word_1_18' title='bbox 392 483 432 504; x_wconf 60' lang='lat' dir='ltr'>st</span> <span class='ocrx_word' id='word_1_19' title='bbox 453 482 670 504; x_wconf 70' lang='lat' dir='ltr'>onumATIONS</span> <span class='ocrx_word' id='word_1_20' title='bbox 689 482 785 503; x_wconf 76' lang='lat' dir='ltr'>irsms</span> <span class='ocrx_word' id='word_1_21' title='bbox 802 474 825 501; x_wconf 87' lang='lat'>¹.</span> 
     </span>
    </p>
   </div>
   <div class='ocr_carea' id='block_1_3' title="bbox 162 576 1151 2520">
    <p class='ocr_par' dir='ltr' id='par_1_3' title="bbox 162 576 1151 2520">
     <span class='ocr_line' id='line_1_4' title="bbox 203 576 1137 618; baseline -0.003 -9"><span class='ocrx_word' id='word_1_22' title='bbox 203 579 286 609; x_wconf 78' lang='lat' dir='ltr'>Cum</span> <span class='ocrx_word' id='word_1_23' title='bbox 306 589 362 618; x_wconf 84' lang='lat' dir='ltr'>per</span> <span class='ocrx_word' id='word_1_24' title='bbox 383 579 639 609; x_wconf 82' lang='lat' dir='ltr'>misericordiam</span> <span class='ocrx_word' id='word_1_25' title='bbox 661 578 720 608; x_wconf 86' lang='lat' dir='ltr'>Dei</span> <span class='ocrx_word' id='word_1_26' title='bbox 742 583 773 608; x_wconf 83' lang='lat' dir='ltr'>et</span> <span class='ocrx_word' id='word_1_27' title='bbox 795 578 960 608; x_wconf 83' lang='lat' dir='ltr'>beatorum</span> <span class='ocrx_word' id='word_1_28' title='bbox 980 576 1137 616; x_wconf 83' lang='lat' dir='ltr'>apostolo-</span> 
     </span>
     <span class='ocr_line' id='line_1_5' title="bbox 163 629 1137 669; baseline -0.003 -8"><span class='ocrx_word' id='word_1_29' title='bbox 163 641 237 662; x_wconf 80' lang='lat' dir='ltr'>rum</span> <span class='ocrx_word' id='word_1_30' title='bbox 258 632 373 662; x_wconf 83' lang='lat' dir='ltr'>merita</span> <span class='ocrx_word' id='word_1_31' title='bbox 389 635 529 662; x_wconf 75' lang='lat' dir='ltr'>castrum</span> <span class='ocrx_word' id='word_1_32' title='bbox 545 631 700 661; x_wconf 80' lang='lat' dir='ltr'>Fumouis</span> <span class='ocrx_word' id='word_1_33' title='bbox 715 630 802 669; x_wconf 86' lang='lat' dir='ltr'>quod</span> <span class='ocrx_word' id='word_1_34' title='bbox 818 629 858 659; x_wconf 88' lang='lat' dir='ltr'>ad</span> <span class='ocrx_word' id='word_1_35' title='bbox 877 630 932 667; x_wconf 91' lang='lat' dir='ltr'>jus</span> <span class='ocrx_word' id='word_1_36' title='bbox 947 634 978 659; x_wconf 83' lang='lat' dir='ltr'>ot</span> <span class='ocrx_word' id='word_1_37' title='bbox 993 629 1137 668; x_wconf 86' lang='lat' dir='ltr'>proprie-</span> 
     </span>
     <span class='ocr_line' id='line_1_6' title="bbox 164 682 1138 721; baseline -0.004 -6"><span class='ocrx_word' id='word_1_38' title='bbox 164 689 261 715; x_wconf 81' lang='lat' dir='ltr'>tatem</span> <span class='ocrx_word' id='word_1_39' title='bbox 277 685 364 715; x_wconf 78' lang='lat' dir='ltr'>beati</span> <span class='ocrx_word' id='word_1_40' title='bbox 378 685 466 715; x_wconf 86' lang='lat' dir='ltr'>Petri</span> <span class='ocrx_word' id='word_1_41' title='bbox 481 688 604 714; x_wconf 82' lang='lat' dir='ltr'>constat</span> <span class='ocrx_word' id='word_1_42' title='bbox 618 693 693 713; x_wconf 87' lang='lat' dir='ltr'>cum</span> <span class='ocrx_word' id='word_1_43' title='bbox 707 682 808 713; x_wconf 88' lang='lat' dir='ltr'>multo</span> <span class='ocrx_word' id='word_1_44' title='bbox 821 683 928 712; x_wconf 85' lang='lat' dir='ltr'>labore</span> <span class='ocrx_word' id='word_1_45' title='bbox 945 688 974 712; x_wconf 89' lang='lat' dir='ltr'>et</span> <span class='ocrx_word' id='word_1_46' title='bbox 989 682 1138 721; x_wconf 73' lang='lat' dir='ltr'>expensis</span> 
     </span>
     <span class='ocr_line' id='line_1_7' title="bbox 162 735 1138 774; baseline -0.003 -6"><span class='ocrx_word' id='word_1_47' title='bbox 162 743 196 768; x_wconf 86' lang='lat' dir='ltr'>et</span> <span class='ocrx_word' id='word_1_48' title='bbox 212 739 368 769; x_wconf 84' lang='lat' dir='ltr'>continua</span> <span class='ocrx_word' id='word_1_49' title='bbox 384 738 496 768; x_wconf 85' lang='lat' dir='ltr'>decem</span> <span class='ocrx_word' id='word_1_50' title='bbox 516 736 769 767; x_wconf 74' lang='lat' dir='ltr'><strong>ebdomadarum</strong></span> <span class='ocrx_word' id='word_1_51' title='bbox 788 736 957 766; x_wconf 77' lang='lat' dir='ltr'>obsidione</span> <span class='ocrx_word' id='word_1_52' title='bbox 977 736 1009 765; x_wconf 86' lang='lat' dir='ltr'>in</span> <span class='ocrx_word' id='word_1_53' title='bbox 1035 735 1138 774; x_wconf 86' lang='lat' dir='ltr'>primo</span> 
     </span>
     <span class='ocr_line' id='line_1_8' title="bbox 162 787 1138 830; baseline -0.004 -10"><span class='ocrx_word' id='word_1_54' title='bbox 162 800 253 820; x_wconf 75' lang='lat' dir='ltr'>anno</span> <span class='ocrx_word' id='word_1_55' title='bbox 278 791 481 830; x_wconf 77' lang='lat' dir='ltr'>pontificatus</span> <span class='ocrx_word' id='word_1_56' title='bbox 503 789 622 824; x_wconf 84' lang='lat' dir='ltr'>nostri,</span> <span class='ocrx_word' id='word_1_57' title='bbox 638 797 750 818; x_wconf 85' lang='lat' dir='ltr'>mense</span> <span class='ocrx_word' id='word_1_58' title='bbox 771 788 893 818; x_wconf 82' lang='lat' dir='ltr'>scilicet</span> <span class='ocrx_word' id='word_1_59' title='bbox 911 787 988 826; x_wconf 85' lang='lat' dir='ltr'>julii</span> <span class='ocrx_word' id='word_1_60' title='bbox 1007 797 1025 817; x_wconf 83' lang='lat' dir='ltr'>a</span> <span class='ocrx_word' id='word_1_61' title='bbox 1047 788 1138 818; x_wconf 83' lang='lat' dir='ltr'>nobis</span> 
     </span>
     <span class='ocr_line' id='line_1_9' title="bbox 165 840 1138 882; baseline -0.004 -9"><span class='ocrx_word' id='word_1_62' title='bbox 165 847 390 882; x_wconf 75' lang='lat' dir='ltr'>recuperatum</span> <span class='ocrx_word' id='word_1_63' title='bbox 407 842 532 876; x_wconf 69' lang='lat' dir='ltr'>fnisset,</span> <span class='ocrx_word' id='word_1_64' title='bbox 547 846 701 871; x_wconf 83' lang='lat' dir='ltr'>consueta</span> <span class='ocrx_word' id='word_1_65' title='bbox 718 840 803 870; x_wconf 87' lang='lat' dir='ltr'>sedis</span> <span class='ocrx_word' id='word_1_66' title='bbox 820 841 990 879; x_wconf 78' lang='lat' dir='ltr'>apostolice</span> <span class='ocrx_word' id='word_1_67' title='bbox 1011 841 1138 870; x_wconf 73' lang='lat' dir='ltr'>miseri-</span> 
     </span>
     <span class='ocr_line' id='line_1_10' title="bbox 164 893 1138 934; baseline -0.003 -9"><span class='ocrx_word' id='word_1_68' title='bbox 164 895 275 926; x_wconf 73' lang='lat' dir='ltr'>cordia</span> <span class='ocrx_word' id='word_1_69' title='bbox 291 895 369 925; x_wconf 84' lang='lat' dir='ltr'>moti</span> <span class='ocrx_word' id='word_1_70' title='bbox 384 899 417 924; x_wconf 82' lang='lat' dir='ltr'>et</span> <span class='ocrx_word' id='word_1_71' title='bbox 436 894 643 934; x_wconf 67' lang='lat' dir='ltr'>quorundam</span> <span class='ocrx_word' id='word_1_72' title='bbox 664 893 809 923; x_wconf 76' lang='lat' dir='ltr'>fidelium</span> <span class='ocrx_word' id='word_1_73' title='bbox 834 898 1016 923; x_wconf 85' lang='lat' dir='ltr'>nostrornm</span> <span class='ocrx_word' id='word_1_74' title='bbox 1037 893 1138 932; x_wconf 81' lang='lat' dir='ltr'>preci-</span> 
     </span>
     <span class='ocr_line' id='line_1_11' title="bbox 165 945 1138 984; baseline -0.004 -5"><span class='ocrx_word' id='word_1_75' title='bbox 165 949 226 979; x_wconf 78' lang='lat' dir='ltr'>bus</span> <span class='ocrx_word' id='word_1_76' title='bbox 256 948 298 978; x_wconf 82' lang='lat' dir='ltr'>de</span> <span class='ocrx_word' id='word_1_77' title='bbox 322 947 461 978; x_wconf 78' lang='lat' dir='ltr'>consilio</span> <span class='ocrx_word' id='word_1_78' title='bbox 487 947 623 976; x_wconf 73' lang='lat' dir='ltr'>fratrum</span> <span class='ocrx_word' id='word_1_79' title='bbox 650 950 832 976; x_wconf 84' lang='lat' dir='ltr'>nostrorum</span> <span class='ocrx_word' id='word_1_80' title='bbox 863 945 969 984; x_wconf 87' lang='lat' dir='ltr'>ipsum</span> <span class='ocrx_word' id='word_1_81' title='bbox 997 950 1138 975; x_wconf 74' lang='lat' dir='ltr'>castrum</span> 
     </span>
     <span class='ocr_line' id='line_1_12' title="bbox 163 998 1140 1039; baseline -0.005 -8"><span class='ocrx_word' id='word_1_82' title='bbox 163 1001 323 1039; x_wconf 72' lang='lat' dir='ltr'>Gregorio</span> <span class='ocrx_word' id='word_1_83' title='bbox 336 1009 411 1030; x_wconf 82' lang='lat' dir='ltr'>cnm</span> <span class='ocrx_word' id='word_1_84' title='bbox 426 999 507 1029; x_wconf 80' lang='lat' dir='ltr'>filiis</span> <span class='ocrx_word' id='word_1_85' title='bbox 521 999 591 1029; x_wconf 83' lang='lat' dir='ltr'>suis</span> <span class='ocrx_word' id='word_1_86' title='bbox 606 999 690 1028; x_wconf 88' lang='lat' dir='ltr'>sicut</span> <span class='ocrx_word' id='word_1_87' title='bbox 706 998 791 1028; x_wconf 80' lang='lat' dir='ltr'>idern</span> <span class='ocrx_word' id='word_1_88' title='bbox 808 998 982 1036; x_wconf 74' lang='lat' dir='ltr'>Gregorius</span> <span class='ocrx_word' id='word_1_89' title='bbox 1002 1003 1032 1027; x_wconf 83' lang='lat' dir='ltr'>et</span> <span class='ocrx_word' id='word_1_90' title='bbox 1054 1001 1140 1036; x_wconf 82' lang='lat' dir='ltr'>pater</span> 
     </span>
     <span class='ocr_line' id='line_1_13' title="bbox 163 1050 1139 1092; baseline -0.004 -9"><span class='ocrx_word' id='word_1_91' title='bbox 163 1055 237 1092; x_wconf 64' lang='lat' dir='ltr'>ejus</span> <span class='ocrx_word' id='word_1_92' title='bbox 251 1058 283 1083; x_wconf 83' lang='lat' dir='ltr'>et</span> <span class='ocrx_word' id='word_1_93' title='bbox 299 1054 502 1083; x_wconf 77' lang='lat' dir='ltr'>Bertrannns</span> <span class='ocrx_word' id='word_1_94' title='bbox 516 1061 597 1082; x_wconf 74' lang='lat' dir='ltr'>avus</span> <span class='ocrx_word' id='word_1_95' title='bbox 609 1051 752 1090; x_wconf 86' lang='lat' dir='ltr'>ejusdem</span> <span class='ocrx_word' id='word_1_96' title='bbox 771 1051 944 1080; x_wconf 81' lang='lat' dir='ltr'>Bertranni</span> <span class='ocrx_word' id='word_1_97' title='bbox 958 1055 988 1080; x_wconf 85' lang='lat' dir='ltr'>et</span> <span class='ocrx_word' id='word_1_98' title='bbox 1003 1050 1139 1080; x_wconf 77' lang='lat' dir='ltr'>fratrum</span> 
     </span>
     <span class='ocr_line' id='line_1_14' title="bbox 165 1104 1138 1144; baseline -0.003 -8"><span class='ocrx_word' id='word_1_99' title='bbox 165 1115 306 1137; x_wconf 81' lang='lat' dir='ltr'>snorum</span> <span class='ocrx_word' id='word_1_100' title='bbox 334 1116 353 1136; x_wconf 82' lang='lat' dir='ltr'>a</span> <span class='ocrx_word' id='word_1_101' title='bbox 382 1105 663 1144; x_wconf 80' lang='lat' dir='ltr'>predecessoribus</span> <span class='ocrx_word' id='word_1_102' title='bbox 692 1105 810 1134; x_wconf 85' lang='lat' dir='ltr'>uostris</span> <span class='ocrx_word' id='word_1_103' title='bbox 838 1104 947 1143; x_wconf 84' lang='lat' dir='ltr'>ipsum</span> <span class='ocrx_word' id='word_1_104' title='bbox 975 1104 1138 1142; x_wconf 81' lang='lat' dir='ltr'>qnondam</span> 
     </span>
     <span class='ocr_line' id='line_1_15' title="bbox 164 1156 1140 1194; baseline -0.004 -5"><span class='ocrx_word' id='word_1_105' title='bbox 164 1159 321 1189; x_wconf 75' lang='lat' dir='ltr'>hahuisse</span> <span class='ocrx_word' id='word_1_106' title='bbox 346 1164 523 1188; x_wconf 78' lang='lat' dir='ltr'>noscuntur</span> <span class='ocrx_word' id='word_1_107' title='bbox 544 1158 580 1187; x_wconf 87' lang='lat' dir='ltr'>iu</span> <span class='ocrx_word' id='word_1_108' title='bbox 603 1156 780 1187; x_wconf 77' lang='lat' dir='ltr'>custodiam</span> <span class='ocrx_word' id='word_1_109' title='bbox 805 1157 1040 1191; x_wconf 78' lang='lat' dir='ltr'>concessimus,</span> <span class='ocrx_word' id='word_1_110' title='bbox 1061 1156 1140 1194; x_wconf 89' lang='lat' dir='ltr'>ipsis</span> 
     </span>
     <span class='ocr_line' id='line_1_16' title="bbox 165 1210 1141 1248; baseline -0.004 -6"><span class='ocrx_word' id='word_1_111' title='bbox 165 1212 291 1242; x_wconf 79' lang='lat' dir='ltr'>eisdem</span> <span class='ocrx_word' id='word_1_112' title='bbox 312 1212 347 1242; x_wconf 88' lang='lat' dir='ltr'>iu</span> <span class='ocrx_word' id='word_1_113' title='bbox 372 1216 480 1242; x_wconf 82' lang='lat' dir='ltr'>nostra</span> <span class='ocrx_word' id='word_1_114' title='bbox 502 1216 534 1240; x_wconf 89' lang='lat' dir='ltr'>et</span> <span class='ocrx_word' id='word_1_115' title='bbox 554 1211 690 1240; x_wconf 76' lang='lat' dir='ltr'>fratrum</span> <span class='ocrx_word' id='word_1_116' title='bbox 710 1215 891 1240; x_wconf 88' lang='lat' dir='ltr'>nostrorum</span> <span class='ocrx_word' id='word_1_117' title='bbox 910 1210 1072 1248; x_wconf 82' lang='lat' dir='ltr'>presentia</span> <span class='ocrx_word' id='word_1_118' title='bbox 1091 1219 1141 1239; x_wconf 88' lang='lat' dir='ltr'>re-</span> 
     </span>
     <span class='ocr_line' id='line_1_17' title="bbox 165 1263 1141 1304; baseline -0.004 -8"><span class='ocrx_word' id='word_1_119' title='bbox 165 1265 435 1304; x_wconf 76' lang='lat' dir='ltr'>cognoscentibus</span> <span class='ocrx_word' id='word_1_120' title='bbox 459 1270 490 1294; x_wconf 85' lang='lat' dir='ltr'>et</span> <span class='ocrx_word' id='word_1_121' title='bbox 510 1264 546 1294; x_wconf 91' lang='lat' dir='ltr'>in</span> <span class='ocrx_word' id='word_1_122' title='bbox 569 1264 664 1303; x_wconf 84' lang='lat' dir='ltr'>plena</span> <span class='ocrx_word' id='word_1_123' title='bbox 687 1263 778 1294; x_wconf 86' lang='lat' dir='ltr'>curia</span> <span class='ocrx_word' id='word_1_124' title='bbox 805 1263 1029 1303; x_wconf 81' lang='lat' dir='ltr'>profitentibus</span> <span class='ocrx_word' id='word_1_125' title='bbox 1051 1272 1085 1292; x_wconf 87' lang='lat' dir='ltr'>se</span> <span class='ocrx_word' id='word_1_126' title='bbox 1107 1263 1141 1292; x_wconf 88' lang='lat' dir='ltr'>iu</span> 
     </span>
     <span class='ocr_line' id='line_1_18' title="bbox 168 1315 1140 1356; baseline -0.005 -7"><span class='ocrx_word' id='word_1_127' title='bbox 168 1319 282 1349; x_wconf 78' lang='lat' dir='ltr'>eodem</span> <span class='ocrx_word' id='word_1_128' title='bbox 306 1323 409 1348; x_wconf 80' lang='lat' dir='ltr'>castro</span> <span class='ocrx_word' id='word_1_129' title='bbox 436 1317 537 1347; x_wconf 79' lang='lat' dir='ltr'>nichil</span> <span class='ocrx_word' id='word_1_130' title='bbox 559 1325 687 1356; x_wconf 87' lang='lat' dir='ltr'>prorsus</span> <span class='ocrx_word' id='word_1_131' title='bbox 703 1316 790 1355; x_wconf 89' lang='lat' dir='ltr'>juris</span> <span class='ocrx_word' id='word_1_132' title='bbox 812 1316 941 1351; x_wconf 80' lang='lat' dir='ltr'>habere,</span> <span class='ocrx_word' id='word_1_133' title='bbox 968 1316 1031 1345; x_wconf 87' lang='lat' dir='ltr'>nisi</span> <span class='ocrx_word' id='word_1_134' title='bbox 1053 1315 1140 1354; x_wconf 83' lang='lat' dir='ltr'>quod</span> 
     </span>
     <span class='ocr_line' id='line_1_19' title="bbox 166 1369 1140 1408; baseline -0.003 -7"><span class='ocrx_word' id='word_1_135' title='bbox 166 1371 427 1402; x_wconf 56' lang='lat' dir='ltr'>antecessoribus</span> <span class='ocrx_word' id='word_1_136' title='bbox 438 1379 551 1400; x_wconf 84' lang='lat' dir='ltr'>eorum</span> <span class='ocrx_word' id='word_1_137' title='bbox 564 1380 582 1399; x_wconf 79' lang='lat' dir='ltr'>a</span> <span class='ocrx_word' id='word_1_138' title='bbox 593 1369 871 1408; x_wconf 80' lang='lat' dir='ltr'>predecessoribus</span> <span class='ocrx_word' id='word_1_139' title='bbox 886 1369 1003 1399; x_wconf 86' lang='lat' dir='ltr'>nostris</span> <span class='ocrx_word' id='word_1_140' title='bbox 1019 1369 1052 1398; x_wconf 90' lang='lat' dir='ltr'>in</span> <span class='ocrx_word' id='word_1_141' title='bbox 1069 1378 1140 1399; x_wconf 86' lang='lat' dir='ltr'>cus·</span> 
     </span>
     <span class='ocr_line' id='line_1_20' title="bbox 168 1421 1142 1460; baseline -0.004 -6"><span class='ocrx_word' id='word_1_142' title='bbox 168 1424 289 1454; x_wconf 73' lang='lat' dir='ltr'>tedium</span> <span class='ocrx_word' id='word_1_143' title='bbox 314 1423 426 1454; x_wconf 82' lang='lat' dir='ltr'>datum</span> <span class='ocrx_word' id='word_1_144' title='bbox 450 1423 521 1452; x_wconf 78' lang='lat' dir='ltr'>[nit.</span> <span class='ocrx_word' id='word_1_145' title='bbox 545 1423 726 1453; x_wconf 65' lang='lat' dir='ltr'>statuimus</span> <span class='ocrx_word' id='word_1_146' title='bbox 743 1426 850 1451; x_wconf 87' lang='lat' dir='ltr'>antem</span> <span class='ocrx_word' id='word_1_147' title='bbox 871 1421 956 1460; x_wconf 83' lang='lat' dir='ltr'>quod</span> <span class='ocrx_word' id='word_1_148' title='bbox 981 1421 1142 1460; x_wconf 82' lang='lat' dir='ltr'>predictus</span> 
     </span>
     <span class='ocr_line' id='line_1_21' title="bbox 166 1474 1142 1515; baseline -0.004 -8"><span class='ocrx_word' id='word_1_149' title='bbox 166 1477 344 1515; x_wconf 78' lang='lat' dir='ltr'>Gregorius</span> <span class='ocrx_word' id='word_1_150' title='bbox 359 1476 539 1506; x_wconf 84' lang='lat' dir='ltr'>custodiam</span> <span class='ocrx_word' id='word_1_151' title='bbox 557 1476 655 1506; x_wconf 86' lang='lat' dir='ltr'>turris</span> <span class='ocrx_word' id='word_1_152' title='bbox 670 1475 797 1510; x_wconf 76' lang='lat' dir='ltr'>habeat,</span> <span class='ocrx_word' id='word_1_153' title='bbox 812 1474 934 1514; x_wconf 85' lang='lat' dir='ltr'>reliqua</span> <span class='ocrx_word' id='word_1_154' title='bbox 949 1474 1061 1504; x_wconf 86' lang='lat' dir='ltr'>omnia</span> <span class='ocrx_word' id='word_1_155' title='bbox 1078 1478 1142 1503; x_wconf 87' lang='lat' dir='ltr'>tam</span> 
     </span>
     <span class='ocr_line' id='line_1_22' title="bbox 169 1528 1142 1569; baseline -0.003 -9"><span class='ocrx_word' id='word_1_156' title='bbox 169 1530 387 1569; x_wconf 77' lang='lat' dir='ltr'>possessiones</span> <span class='ocrx_word' id='word_1_157' title='bbox 403 1538 502 1568; x_wconf 80' lang='lat' dir='ltr'>quam</span> <span class='ocrx_word' id='word_1_158' title='bbox 519 1528 667 1558; x_wconf 87' lang='lat' dir='ltr'>homines</span> <span class='ocrx_word' id='word_1_159' title='bbox 684 1533 715 1558; x_wconf 90' lang='lat' dir='ltr'>et</span> <span class='ocrx_word' id='word_1_160' title='bbox 729 1528 842 1558; x_wconf 88' lang='lat' dir='ltr'>domos</span> <span class='ocrx_word' id='word_1_161' title='bbox 862 1528 929 1566; x_wconf 88' lang='lat' dir='ltr'>ipse</span> <span class='ocrx_word' id='word_1_162' title='bbox 949 1536 1022 1557; x_wconf 83' lang='lat' dir='ltr'>cum</span> <span class='ocrx_word' id='word_1_163' title='bbox 1047 1535 1142 1565; x_wconf 88' lang='lat' dir='ltr'>nepo-</span> 
     </span>
     <span class='ocr_line' id='line_1_23' title="bbox 169 1580 1142 1622; baseline -0.005 -9"><span class='ocrx_word' id='word_1_164' title='bbox 169 1583 256 1613; x_wconf 75' lang='lat' dir='ltr'>tibus</span> <span class='ocrx_word' id='word_1_165' title='bbox 276 1584 345 1613; x_wconf 86' lang='lat' dir='ltr'>suis</span> <span class='ocrx_word' id='word_1_166' title='bbox 366 1583 408 1612; x_wconf 85' lang='lat' dir='ltr'>ita</span> <span class='ocrx_word' id='word_1_167' title='bbox 430 1582 537 1622; x_wconf 78' lang='lat' dir='ltr'>equali</span> <span class='ocrx_word' id='word_1_168' title='bbox 559 1581 704 1620; x_wconf 81' lang='lat' dir='ltr'>portione</span> <span class='ocrx_word' id='word_1_169' title='bbox 723 1581 852 1616; x_wconf 81' lang='lat' dir='ltr'>habeat,</span> <span class='ocrx_word' id='word_1_170' title='bbox 870 1581 953 1611; x_wconf 88' lang='lat' dir='ltr'>sicut</span> <span class='ocrx_word' id='word_1_171' title='bbox 968 1580 1053 1610; x_wconf 86' lang='lat' dir='ltr'>inter</span> <span class='ocrx_word' id='word_1_172' title='bbox 1067 1588 1142 1610; x_wconf 89' lang='lat' dir='ltr'>eum</span> 
     </span>
     <span class='ocr_line' id='line_1_24' title="bbox 168 1632 1142 1673; baseline -0.003 -8"><span class='ocrx_word' id='word_1_173' title='bbox 168 1640 201 1666; x_wconf 84' lang='lat' dir='ltr'>et</span> <span class='ocrx_word' id='word_1_174' title='bbox 225 1635 444 1665; x_wconf 75' lang='lat' dir='ltr'>Ber-trannum</span> <span class='ocrx_word' id='word_1_175' title='bbox 468 1638 620 1673; x_wconf 84' lang='lat' dir='ltr'>patruum</span> <span class='ocrx_word' id='word_1_176' title='bbox 638 1643 734 1664; x_wconf 90' lang='lat' dir='ltr'>suum</span> <span class='ocrx_word' id='word_1_177' title='bbox 758 1633 820 1663; x_wconf 73' lang='lat' dir='ltr'>tuit</span> <span class='ocrx_word' id='word_1_178' title='bbox 843 1642 879 1663; x_wconf 76' lang='lat' dir='ltr'>ex</span> <span class='ocrx_word' id='word_1_179' title='bbox 904 1633 1038 1672; x_wconf 86' lang='lat' dir='ltr'>antiquo</span> <span class='ocrx_word' id='word_1_180' title='bbox 1059 1632 1142 1662; x_wconf 78' lang='lat' dir='ltr'>divi-</span> 
     </span>
     <span class='ocr_line' id='line_1_25' title="bbox 169 1685 1145 1726; baseline -0.004 -8"><span class='ocrx_word' id='word_1_181' title='bbox 169 1698 256 1719; x_wconf 60' lang='lat' dir='ltr'>sum„</span> <span class='ocrx_word' id='word_1_182' title='bbox 279 1688 396 1719; x_wconf 66' lang='lat' dir='ltr'>clm-es</span> <span class='ocrx_word' id='word_1_183' title='bbox 417 1697 492 1717; x_wconf 84' lang='lat' dir='ltr'>vero</span> <span class='ocrx_word' id='word_1_184' title='bbox 515 1693 604 1726; x_wconf 68' lang='lat' dir='ltr'>porte</span> <span class='ocrx_word' id='word_1_185' title='bbox 625 1687 665 1716; x_wconf 83' lang='lat' dir='ltr'>ab</span> <span class='ocrx_word' id='word_1_186' title='bbox 686 1695 722 1716; x_wconf 89' lang='lat' dir='ltr'>eo</span> <span class='ocrx_word' id='word_1_187' title='bbox 742 1686 801 1725; x_wconf 83' lang='lat' dir='ltr'>qni</span> <span class='ocrx_word' id='word_1_188' title='bbox 823 1686 954 1725; x_wconf 86' lang='lat' dir='ltr'>utrique</span> <span class='ocrx_word' id='word_1_189' title='bbox 975 1686 1055 1724; x_wconf 81' lang='lat' dir='ltr'>parti</span> <span class='ocrx_word' id='word_1_190' title='bbox 1079 1685 1145 1724; x_wconf 83' lang='lat' dir='ltr'>pla-</span> 
     </span>
     <span class='ocr_line' id='line_1_26' title="bbox 169 1738 1144 1780; baseline -0.005 -8"><span class='ocrx_word' id='word_1_191' title='bbox 169 1742 276 1772; x_wconf 70' lang='lat' dir='ltr'>cuerit</span> <span class='ocrx_word' id='word_1_192' title='bbox 303 1747 334 1771; x_wconf 85' lang='lat' dir='ltr'>et</span> <span class='ocrx_word' id='word_1_193' title='bbox 360 1743 416 1780; x_wconf 80' lang='lat' dir='ltr'>qui</span> <span class='ocrx_word' id='word_1_194' title='bbox 446 1741 664 1770; x_wconf 83' lang='lat' dir='ltr'>communiter</span> <span class='ocrx_word' id='word_1_195' title='bbox 686 1739 875 1769; x_wconf 80' lang='lat' dir='ltr'>fidelitatem</span> <span class='ocrx_word' id='word_1_196' title='bbox 906 1739 1032 1777; x_wconf 80' lang='lat' dir='ltr'>utrique</span> <span class='ocrx_word' id='word_1_197' title='bbox 1062 1738 1144 1777; x_wconf 82' lang='lat' dir='ltr'>parti</span> 
     </span>
     <span class='ocr_line' id='line_1_27' title="bbox 171 1791 1145 1832; baseline -0.005 -7"><span class='ocrx_word' id='word_1_198' title='bbox 171 1795 301 1829; x_wconf 65' lang='lat' dir='ltr'>fecerit.</span> <span class='ocrx_word' id='word_1_199' title='bbox 318 1794 437 1824; x_wconf 76' lang='lat' dir='ltr'>dehent</span> <span class='ocrx_word' id='word_1_200' title='bbox 453 1793 554 1823; x_wconf 81' lang='lat' dir='ltr'>teneri</span> <span class='ocrx_word' id='word_1_201' title='bbox 572 1798 602 1823; x_wconf 89' lang='lat' dir='ltr'>et</span> <span class='ocrx_word' id='word_1_202' title='bbox 621 1793 650 1822; x_wconf 87' lang='lat' dir='ltr'>ei</span> <span class='ocrx_word' id='word_1_203' title='bbox 670 1801 810 1832; x_wconf 76' lang='lat' dir='ltr'>expense</span> <span class='ocrx_word' id='word_1_204' title='bbox 833 1796 864 1822; x_wconf 88' lang='lat' dir='ltr'>et</span> <span class='ocrx_word' id='word_1_205' title='bbox 887 1791 1037 1821; x_wconf 74' lang='lat' dir='ltr'>victualia</span> <span class='ocrx_word' id='word_1_206' title='bbox 1059 1799 1145 1820; x_wconf 85' lang='lat' dir='ltr'>com-</span> 
     </span>
     <span class='ocr_line' id='line_1_28' title="bbox 170 1844 1145 1884; baseline -0.004 -6"><span class='ocrx_word' id='word_1_207' title='bbox 170 1849 317 1878; x_wconf 81' lang='lat' dir='ltr'>muniter</span> <span class='ocrx_word' id='word_1_208' title='bbox 330 1847 522 1877; x_wconf 84' lang='lat' dir='ltr'>ministrari.</span> <span class='ocrx_word' id='word_1_209' title='bbox 548 1846 705 1876; x_wconf 78' lang='lat' dir='ltr'>Homines</span> <span class='ocrx_word' id='word_1_210' title='bbox 724 1850 833 1875; x_wconf 89' lang='lat' dir='ltr'>antem</span> <span class='ocrx_word' id='word_1_211' title='bbox 856 1845 958 1884; x_wconf 86' lang='lat' dir='ltr'>ipsius</span> <span class='ocrx_word' id='word_1_212' title='bbox 976 1845 1070 1874; x_wconf 85' lang='lat' dir='ltr'>castri</span> <span class='ocrx_word' id='word_1_213' title='bbox 1088 1844 1145 1883; x_wconf 84' lang='lat' dir='ltr'>qui</span> 
     </span>
     <span class='ocr_line' id='line_1_29' title="bbox 169 1896 1147 1940; baseline -0.005 -9"><span class='ocrx_word' id='word_1_214' title='bbox 169 1902 211 1931; x_wconf 76' lang='lat' dir='ltr'>ad</span> <span class='ocrx_word' id='word_1_215' title='bbox 225 1901 419 1940; x_wconf 77' lang='lat' dir='ltr'>Gregorium</span> <span class='ocrx_word' id='word_1_216' title='bbox 439 1900 600 1939; x_wconf 81' lang='lat' dir='ltr'>pertinent</span> <span class='ocrx_word' id='word_1_217' title='bbox 621 1899 652 1929; x_wconf 88' lang='lat' dir='ltr'>ei</span> <span class='ocrx_word' id='word_1_218' title='bbox 671 1899 711 1928; x_wconf 91' lang='lat' dir='ltr'>de</span> <span class='ocrx_word' id='word_1_219' title='bbox 735 1898 885 1928; x_wconf 87' lang='lat' dir='ltr'>mandato</span> <span class='ocrx_word' id='word_1_220' title='bbox 911 1903 1018 1928; x_wconf 83' lang='lat' dir='ltr'>nostro</span> <span class='ocrx_word' id='word_1_221' title='bbox 1045 1896 1147 1926; x_wconf 84' lang='lat' dir='ltr'>tideli-</span> 
     </span>
     <span class='ocr_line' id='line_1_30' title="bbox 172 1950 1146 1992; baseline -0.006 -8"><span class='ocrx_word' id='word_1_222' title='bbox 172 1958 271 1984; x_wconf 74' lang='lat' dir='ltr'>tatem</span> <span class='ocrx_word' id='word_1_223' title='bbox 289 1954 442 1992; x_wconf 71' lang='lat' dir='ltr'>jurarunt</span> <span class='ocrx_word' id='word_1_224' title='bbox 467 1957 499 1982; x_wconf 87' lang='lat' dir='ltr'>et</span> <span class='ocrx_word' id='word_1_225' title='bbox 523 1952 570 1982; x_wconf 87' lang='lat' dir='ltr'>hii</span> <span class='ocrx_word' id='word_1_226' title='bbox 594 1952 651 1990; x_wconf 81' lang='lat' dir='ltr'>qui</span> <span class='ocrx_word' id='word_1_227' title='bbox 674 1952 715 1981; x_wconf 85' lang='lat' dir='ltr'>ad</span> <span class='ocrx_word' id='word_1_228' title='bbox 740 1951 956 1981; x_wconf 79' lang='lat' dir='ltr'>Rern-annum</span> <span class='ocrx_word' id='word_1_229' title='bbox 979 1955 1009 1979; x_wconf 89' lang='lat' dir='ltr'>et</span> <span class='ocrx_word' id='word_1_230' title='bbox 1032 1950 1146 1979; x_wconf 77' lang='lat' dir='ltr'>fratres</span> 
     </span>
     <span class='ocr_line' id='line_1_31' title="bbox 170 2003 1144 2045; baseline -0.006 -8"><span class='ocrx_word' id='word_1_231' title='bbox 170 2015 247 2037; x_wconf 66' lang='lat' dir='ltr'>suae</span> <span class='ocrx_word' id='word_1_232' title='bbox 273 2007 437 2045; x_wconf 77' lang='lat' dir='ltr'>pertinent</span> <span class='ocrx_word' id='word_1_233' title='bbox 462 2006 507 2035; x_wconf 87' lang='lat' dir='ltr'>eis</span> <span class='ocrx_word' id='word_1_234' title='bbox 535 2005 722 2035; x_wconf 83' lang='lat' dir='ltr'>fidelitatem</span> <span class='ocrx_word' id='word_1_235' title='bbox 747 2003 900 2034; x_wconf 88' lang='lat' dir='ltr'>similiter</span> <span class='ocrx_word' id='word_1_236' title='bbox 926 2003 1144 2042; x_wconf 79' lang='lat' dir='ltr'>prestiterunt,</span> 
     </span>
     <span class='ocr_line' id='line_1_32' title="bbox 171 2057 1148 2090; baseline -0.005 -1"><span class='ocrx_word' id='word_1_237' title='bbox 171 2059 263 2090; x_wconf 70' lang='lat' dir='ltr'>salva</span> <span class='ocrx_word' id='word_1_238' title='bbox 277 2059 313 2088; x_wconf 87' lang='lat' dir='ltr'>in</span> <span class='ocrx_word' id='word_1_239' title='bbox 328 2058 482 2088; x_wconf 84' lang='lat' dir='ltr'>omuibus</span> <span class='ocrx_word' id='word_1_240' title='bbox 497 2057 650 2087; x_wconf 80' lang='lat' dir='ltr'>fidelitate</span> <span class='ocrx_word' id='word_1_241' title='bbox 667 2062 774 2087; x_wconf 85' lang='lat' dir='ltr'>nostra</span> <span class='ocrx_word' id='word_1_242' title='bbox 790 2062 821 2086; x_wconf 89' lang='lat' dir='ltr'>et</span> <span class='ocrx_word' id='word_1_243' title='bbox 836 2064 1056 2086; x_wconf 83' lang='lat' dir='ltr'>successorum</span> <span class='ocrx_word' id='word_1_244' title='bbox 1074 2064 1148 2085; x_wconf 89' lang='lat' dir='ltr'>nos-</span> 
     </span>
     <span class='ocr_line' id='line_1_33' title="bbox 175 2109 1147 2149; baseline -0.005 -7"><span class='ocrx_word' id='word_1_245' title='bbox 175 2117 311 2142; x_wconf 69' lang='lat' dir='ltr'>ttorum.</span> <span class='ocrx_word' id='word_1_246' title='bbox 329 2111 421 2148; x_wconf 89' lang='lat' dir='ltr'>Quod</span> <span class='ocrx_word' id='word_1_247' title='bbox 437 2112 464 2141; x_wconf 85' lang='lat' dir='ltr'>si</span> <span class='ocrx_word' id='word_1_248' title='bbox 477 2111 652 2149; x_wconf 79' lang='lat' dir='ltr'>Gregorius</span> <span class='ocrx_word' id='word_1_249' title='bbox 668 2110 885 2140; x_wconf 74' lang='lat' dir='ltr'>Ber-trannum</span> <span class='ocrx_word' id='word_1_250' title='bbox 902 2113 932 2139; x_wconf 88' lang='lat' dir='ltr'>et</span> <span class='ocrx_word' id='word_1_251' title='bbox 948 2109 1060 2138; x_wconf 75' lang='lat' dir='ltr'>fratres</span> <span class='ocrx_word' id='word_1_252' title='bbox 1073 2116 1147 2138; x_wconf 86' lang='lat' dir='ltr'>suos</span> 
     </span>
     <span class='ocr_line' id='line_1_34' title="bbox 174 2160 1148 2205; baseline -0.006 -9"><span class='ocrx_word' id='word_1_253' title='bbox 174 2174 275 2205; x_wconf 76' lang='lat' dir='ltr'>super</span> <span class='ocrx_word' id='word_1_254' title='bbox 293 2174 331 2195; x_wconf 75' lang='lat' dir='ltr'>ea</span> <span class='ocrx_word' id='word_1_255' title='bbox 351 2169 439 2203; x_wconf 85' lang='lat' dir='ltr'>parte</span> <span class='ocrx_word' id='word_1_256' title='bbox 461 2164 557 2194; x_wconf 77' lang='lat' dir='ltr'>castri</span> <span class='ocrx_word' id='word_1_257' title='bbox 579 2171 676 2203; x_wconf 84' lang='lat' dir='ltr'>quam</span> <span class='ocrx_word' id='word_1_258' title='bbox 698 2162 746 2192; x_wconf 81' lang='lat' dir='ltr'>eis</span> <span class='ocrx_word' id='word_1_259' title='bbox 767 2161 988 2192; x_wconf 75' lang='lat' dir='ltr'>concessimus</span> <span class='ocrx_word' id='word_1_260' title='bbox 1011 2160 1148 2191; x_wconf 83' lang='lat' dir='ltr'>voluerit</span> 
     </span>
     <span class='ocr_line' id='line_1_35' title="bbox 175 2214 1148 2256; baseline -0.004 -8"><span class='ocrx_word' id='word_1_261' title='bbox 175 2217 354 2256; x_wconf 80' lang='lat' dir='ltr'>impedire,</span> <span class='ocrx_word' id='word_1_262' title='bbox 371 2216 422 2247; x_wconf 76' lang='lat' dir='ltr'>vel</span> <span class='ocrx_word' id='word_1_263' title='bbox 438 2216 581 2255; x_wconf 75' lang='lat' dir='ltr'>aliquam</span> <span class='ocrx_word' id='word_1_264' title='bbox 593 2216 639 2246; x_wconf 84' lang='lat' dir='ltr'>eis</span> <span class='ocrx_word' id='word_1_265' title='bbox 655 2215 836 2245; x_wconf 81' lang='lat' dir='ltr'>molestiam</span> <span class='ocrx_word' id='word_1_266' title='bbox 854 2215 970 2249; x_wconf 76' lang='lat' dir='ltr'>facere,</span> <span class='ocrx_word' id='word_1_267' title='bbox 989 2214 1051 2244; x_wconf 86' lang='lat' dir='ltr'>nisi</span> <span class='ocrx_word' id='word_1_268' title='bbox 1067 2214 1148 2244; x_wconf 77' lang='lat' dir='ltr'>forte</span> 
     </span>
     <span class='ocr_line' id='line_1_36' title="bbox 172 2268 1150 2306; baseline -0.005 -5"><span class='ocrx_word' id='word_1_269' title='bbox 172 2270 217 2301; x_wconf 80' lang='lat' dir='ltr'>de</span> <span class='ocrx_word' id='word_1_270' title='bbox 230 2270 382 2300; x_wconf 77' lang='lat' dir='ltr'>mandato</span> <span class='ocrx_word' id='word_1_271' title='bbox 398 2274 508 2300; x_wconf 88' lang='lat' dir='ltr'>nostro</span> <span class='ocrx_word' id='word_1_272' title='bbox 526 2268 576 2299; x_wconf 77' lang='lat' dir='ltr'>vel</span> <span class='ocrx_word' id='word_1_273' title='bbox 593 2276 816 2299; x_wconf 84' lang='lat' dir='ltr'>successorum</span> <span class='ocrx_word' id='word_1_274' title='bbox 836 2271 1019 2297; x_wconf 86' lang='lat' dir='ltr'>nostrorum</span> <span class='ocrx_word' id='word_1_275' title='bbox 1042 2275 1150 2306; x_wconf 88' lang='lat' dir='ltr'>proce-</span> 
     </span>
     <span class='ocr_line' id='line_1_37' title="bbox 177 2321 1148 2363; baseline -0.005 -9"><span class='ocrx_word' id='word_1_276' title='bbox 177 2324 269 2363; x_wconf 68' lang='lat' dir='ltr'>dent,</span> <span class='ocrx_word' id='word_1_277' title='bbox 284 2324 436 2354; x_wconf 76' lang='lat' dir='ltr'>homiues</span> <span class='ocrx_word' id='word_1_278' title='bbox 452 2323 623 2361; x_wconf 81' lang='lat' dir='ltr'>utriusque</span> <span class='ocrx_word' id='word_1_279' title='bbox 641 2322 742 2361; x_wconf 86' lang='lat' dir='ltr'>partis</span> <span class='ocrx_word' id='word_1_280' title='bbox 758 2322 913 2359; x_wconf 83' lang='lat' dir='ltr'>jurarunt</span> <span class='ocrx_word' id='word_1_281' title='bbox 937 2321 1022 2360; x_wconf 84' lang='lat' dir='ltr'>qnod</span> <span class='ocrx_word' id='word_1_282' title='bbox 1042 2321 1148 2359; x_wconf 90' lang='lat' dir='ltr'>ipsum</span> 
     </span>
     <span class='ocr_line' id='line_1_38' title="bbox 177 2372 1149 2413; baseline -0.006 -6"><span class='ocrx_word' id='word_1_283' title='bbox 177 2377 399 2407; x_wconf 70' lang='lat' dir='ltr'>Serti-annum</span> <span class='ocrx_word' id='word_1_284' title='bbox 414 2380 443 2405; x_wconf 85' lang='lat' dir='ltr'>et</span> <span class='ocrx_word' id='word_1_285' title='bbox 459 2375 573 2404; x_wconf 67' lang='lat' dir='ltr'>fratres</span> <span class='ocrx_word' id='word_1_286' title='bbox 588 2375 661 2413; x_wconf 74' lang='lat' dir='ltr'>ejus</span> <span class='ocrx_word' id='word_1_287' title='bbox 673 2373 831 2404; x_wconf 81' lang='lat' dir='ltr'>adversus</span> <span class='ocrx_word' id='word_1_288' title='bbox 846 2372 1040 2411; x_wconf 86' lang='lat' dir='ltr'>Gregorium</span> <span class='ocrx_word' id='word_1_289' title='bbox 1060 2372 1110 2411; x_wconf 82' lang='lat' dir='ltr'>adj</span> <span class='ocrx_word' id='word_1_290' title='bbox 1117 2382 1149 2402; x_wconf 93' lang='lat' dir='ltr'>u-</span> 
     </span>
     <span class='ocr_line' id='line_1_39' title="bbox 175 2424 1148 2466; baseline -0.004 -7"><span class='ocrx_word' id='word_1_291' title='bbox 175 2429 315 2465; x_wconf 65' lang='lat' dir='ltr'>vatium,</span> <span class='ocrx_word' id='word_1_292' title='bbox 332 2433 364 2459; x_wconf 87' lang='lat' dir='ltr'>et</span> <span class='ocrx_word' id='word_1_293' title='bbox 385 2437 427 2458; x_wconf 81' lang='lat' dir='ltr'>ne</span> <span class='ocrx_word' id='word_1_294' title='bbox 447 2428 507 2458; x_wconf 86' lang='lat' dir='ltr'>hoc</span> <span class='ocrx_word' id='word_1_295' title='bbox 526 2427 581 2456; x_wconf 82' lang='lat' dir='ltr'>fiat</span> <span class='ocrx_word' id='word_1_296' title='bbox 598 2427 858 2466; x_wconf 79' lang='lat' dir='ltr'>quibuscumque</span> <span class='ocrx_word' id='word_1_297' title='bbox 876 2425 980 2456; x_wconf 86' lang='lat' dir='ltr'>modis</span> <span class='ocrx_word' id='word_1_298' title='bbox 996 2424 1148 2455; x_wconf 83' lang='lat' dir='ltr'>efficient.</span> 
     </span>
     <span class='ocr_line' id='line_1_40' title="bbox 178 2478 1151 2520; baseline -0.005 -8"><span class='ocrx_word' id='word_1_299' title='bbox 178 2482 220 2512; x_wconf 74' lang='lat' dir='ltr'>Et</span> <span class='ocrx_word' id='word_1_300' title='bbox 232 2490 346 2513; x_wconf 84' lang='lat' dir='ltr'>omnes</span> <span class='ocrx_word' id='word_1_301' title='bbox 357 2482 512 2520; x_wconf 76' lang='lat' dir='ltr'>Jurarunt</span> <span class='ocrx_word' id='word_1_302' title='bbox 524 2479 654 2519; x_wconf 81' lang='lat' dir='ltr'>utrique</span> <span class='ocrx_word' id='word_1_303' title='bbox 665 2478 747 2518; x_wconf 80' lang='lat' dir='ltr'>parti</span> <span class='ocrx_word' id='word_1_304' title='bbox 759 2487 793 2508; x_wconf 88' lang='lat' dir='ltr'>se</span> <span class='ocrx_word' id='word_1_305' title='bbox 805 2483 946 2508; x_wconf 79' lang='lat' dir='ltr'>castrum</span> <span class='ocrx_word' id='word_1_306' title='bbox 960 2478 1065 2517; x_wconf 82' lang='lat' dir='ltr'>ipsum</span> <span class='ocrx_word' id='word_1_307' title='bbox 1078 2486 1151 2507; x_wconf 86' lang='lat' dir='ltr'>con-</span> 
     </span>
    </p>
   </div>
   <div class='ocr_carea' id='block_1_4' title="bbox 135 2670 1157 3047">
    <p class='ocr_par' dir='ltr' id='par_1_4' title="bbox 135 2670 1157 3047">
     <span class='ocr_line' id='line_1_41' title="bbox 176 2670 1153 2706; baseline -0.006 -4"><span class='ocrx_word' id='word_1_308' title='bbox 176 2675 203 2702; x_wconf 89' lang='grc' dir='ltr'>Ι.</span> <span class='ocrx_word' id='word_1_309' title='bbox 219 2674 297 2702; x_wconf 78' lang='lat' dir='ltr'>Sans</span> <span class='ocrx_word' id='word_1_310' title='bbox 310 2673 389 2700; x_wconf 77' lang='lat' dir='ltr'>date.</span> <span class='ocrx_word' id='word_1_311' title='bbox 403 2687 440 2694; x_wconf 90' lang='lat'>—</span> <span class='ocrx_word' id='word_1_312' title='bbox 455 2672 593 2699; x_wconf 82' lang='lat' dir='ltr'>Muratori</span> <span class='ocrx_word' id='word_1_313' title='bbox 605 2693 612 2704; x_wconf 88' lang='lat'>‚</span> <span class='ocrx_word' id='word_1_314' title='bbox 628 2675 650 2699; x_wconf 79' lang='lat' dir='ltr'>t.</span> <span class='ocrx_word' id='word_1_315' title='bbox 667 2670 710 2704; x_wconf 84' lang='lat'>11,</span> <span class='ocrx_word' id='word_1_316' title='bbox 727 2680 755 2706; x_wconf 39' lang='lat' dir='ltr'>pr</span> <span class='ocrx_word' id='word_1_317' title='bbox 773 2671 819 2698; x_wconf 76' lang='lat'>80.</span> <span class='ocrx_word' id='word_1_318' title='bbox 840 2686 873 2691; x_wconf 89' lang='lat'><strong>—</strong></span> <span class='ocrx_word' id='word_1_319' title='bbox 896 2670 935 2697; x_wconf 86' lang='lat' dir='ltr'>Le</span> <span class='ocrx_word' id='word_1_320' title='bbox 957 2679 1039 2705; x_wconf 78' lang='lat' dir='ltr'>pape,</span> <span class='ocrx_word' id='word_1_321' title='bbox 1057 2672 1153 2696; x_wconf 75' lang='lat' dir='ltr'>rcntre</span> 
     </span>
     <span class='ocr_line' id='line_1_42' title="bbox 135 2718 1154 2759; baseline -0.007 -8"><span class='ocrx_word' id='word_1_322' title='bbox 135 2731 177 2751; x_wconf 71' lang='lat' dir='ltr'>en</span> <span class='ocrx_word' id='word_1_323' title='bbox 200 2722 373 2759; x_wconf 62' lang='lat' dir='ltr'>possession</span> <span class='ocrx_word' id='word_1_324' title='bbox 391 2721 428 2748; x_wconf 80' lang='lat' dir='ltr'>de</span> <span class='ocrx_word' id='word_1_325' title='bbox 449 2720 545 2748; x_wconf 74' lang='lat' dir='ltr'>Castcl</span> <span class='ocrx_word' id='word_1_326' title='bbox 566 2720 698 2747; x_wconf 72' lang='lat' dir='ltr'>Fumone</span> <span class='ocrx_word' id='word_1_327' title='bbox 717 2720 804 2755; x_wconf 68' lang='lat' dir='ltr'>apreS</span> <span class='ocrx_word' id='word_1_328' title='bbox 825 2728 863 2746; x_wconf 89' lang='lat' dir='ltr'>un</span> <span class='ocrx_word' id='word_1_329' title='bbox 882 2719 964 2754; x_wconf 65' lang='lat' dir='ltr'>siege</span> <span class='ocrx_word' id='word_1_330' title='bbox 982 2719 1018 2745; x_wconf 85' lang='lat' dir='ltr'>de</span> <span class='ocrx_word' id='word_1_331' title='bbox 1039 2718 1087 2745; x_wconf 81' lang='lat' dir='ltr'>dix</span> <span class='ocrx_word' id='word_1_332' title='bbox 1103 2726 1154 2745; x_wconf 88' lang='lat' dir='ltr'>se-</span> 
     </span>
     <span class='ocr_line' id='line_1_43' title="bbox 139 2767 1152 2804; baseline -0.006 -5"><span class='ocrx_word' id='word_1_333' title='bbox 139 2772 270 2803; x_wconf 64' lang='grc' dir='ltr'>-ιίιιεε,</span> <span class='ocrx_word' id='word_1_334' title='bbox 285 2779 322 2797; x_wconf 83' lang='lat' dir='ltr'>en</span> <span class='ocrx_word' id='word_1_335' title='bbox 338 2775 429 2797; x_wconf 73' lang='lat' dir='ltr'>temet</span> <span class='ocrx_word' id='word_1_336' title='bbox 444 2770 471 2796; x_wconf 80' lang='lat' dir='ltr'>la</span> <span class='ocrx_word' id='word_1_337' title='bbox 483 2769 573 2804; x_wconf 79' lang='lat' dir='ltr'>garde</span> <span class='ocrx_word' id='word_1_338' title='bbox 587 2771 604 2796; x_wconf 80' lang='lat' dir='ltr'>a</span> <span class='ocrx_word' id='word_1_339' title='bbox 617 2769 643 2795; x_wconf 78' lang='lat' dir='ltr'>la</span> <span class='ocrx_word' id='word_1_340' title='bbox 656 2768 763 2795; x_wconf 74' lang='lat' dir='ltr'>famine</span> <span class='ocrx_word' id='word_1_341' title='bbox 775 2768 829 2794; x_wconf 83' lang='lat' dir='ltr'>des</span> <span class='ocrx_word' id='word_1_342' title='bbox 843 2767 965 2794; x_wconf 84' lang='lat' dir='ltr'>anciens</span> <span class='ocrx_word' id='word_1_343' title='bbox 980 2767 1152 2799; x_wconf 74' lang='lat' dir='ltr'>chatclains‚</span> 
     </span>
     <span class='ocr_line' id='line_1_44' title="bbox 138 2816 1154 2853; baseline -0.006 -6"><span class='ocrx_word' id='word_1_344' title='bbox 138 2820 327 2848; x_wconf 49' lang='lat' dir='ltr'>cessa—aim</span> <span class='ocrx_word' id='word_1_345' title='bbox 346 2820 364 2844; x_wconf 72' lang='lat' dir='ltr'>a</span> <span class='ocrx_word' id='word_1_346' title='bbox 384 2818 526 2853; x_wconf 64' lang='lat' dir='ltr'>Grfiguirc</span> <span class='ocrx_word' id='word_1_347' title='bbox 545 2822 575 2844; x_wconf 79' lang='lat' dir='ltr'>et</span> <span class='ocrx_word' id='word_1_348' title='bbox 589 2825 639 2844; x_wconf 85' lang='lat' dir='ltr'>ses</span> <span class='ocrx_word' id='word_1_349' title='bbox 657 2817 703 2844; x_wconf 80' lang='lat' dir='ltr'>fils</span> <span class='ocrx_word' id='word_1_350' title='bbox 714 2838 721 2847; x_wconf 80' lang='lat'><em>,</em></span> <span class='ocrx_word' id='word_1_351' title='bbox 736 2818 752 2843; x_wconf 74' lang='lat' dir='ltr'>a</span> <span class='ocrx_word' id='word_1_352' title='bbox 769 2816 930 2843; x_wconf 72' lang='lat' dir='ltr'>Bertranno</span> <span class='ocrx_word' id='word_1_353' title='bbox 943 2820 972 2842; x_wconf 85' lang='lat' dir='ltr'>et</span> <span class='ocrx_word' id='word_1_354' title='bbox 987 2823 1036 2842; x_wconf 82' lang='lat' dir='ltr'>ses</span> <span class='ocrx_word' id='word_1_355' title='bbox 1053 2816 1154 2847; x_wconf 75' lang='lat' dir='ltr'>freres,</span> 
     </span>
     <span class='ocr_line' id='line_1_45' title="bbox 139 2865 1155 2902; baseline -0.007 -5"><span class='ocrx_word' id='word_1_356' title='bbox 139 2877 258 2897; x_wconf 67' lang='lat' dir='ltr'>neven:</span> <span class='ocrx_word' id='word_1_357' title='bbox 273 2868 310 2895; x_wconf 80' lang='lat' dir='ltr'>de</span> <span class='ocrx_word' id='word_1_358' title='bbox 324 2867 477 2902; x_wconf 75' lang='lat' dir='ltr'>Gregoire.</span> <span class='ocrx_word' id='word_1_359' title='bbox 492 2867 539 2894; x_wconf 82' lang='lat' dir='ltr'>On</span> <span class='ocrx_word' id='word_1_360' title='bbox 554 2875 590 2893; x_wconf 83' lang='lat' dir='ltr'>ne</span> <span class='ocrx_word' id='word_1_361' title='bbox 605 2870 674 2902; x_wconf 83' lang='lat' dir='ltr'>peut</span> <span class='ocrx_word' id='word_1_362' title='bbox 689 2866 752 2892; x_wconf 85' lang='lat' dir='ltr'>dire</span> <span class='ocrx_word' id='word_1_363' title='bbox 766 2873 837 2892; x_wconf 74' lang='lat' dir='ltr'>avec</span> <span class='ocrx_word' id='word_1_364' title='bbox 855 2873 910 2891; x_wconf 89' lang='lat' dir='ltr'>une</span> <span class='ocrx_word' id='word_1_365' title='bbox 930 2865 1041 2891; x_wconf 69' lang='lat' dir='ltr'>entier-e</span> <span class='ocrx_word' id='word_1_366' title='bbox 1055 2865 1155 2890; x_wconf 68' lang='lat' dir='ltr'>soret&lt;-</span> 
     </span>
     <span class='ocr_line' id='line_1_46' title="bbox 137 2912 1155 2953; baseline -0.007 -8"><span class='ocrx_word' id='word_1_367' title='bbox 137 2918 179 2946; x_wconf 64' lang='grc' dir='ltr'>ὼ</span> <span class='ocrx_word' id='word_1_368' title='bbox 191 2918 262 2953; x_wconf 77' lang='lat' dir='ltr'>quel</span> <span class='ocrx_word' id='word_1_369' title='bbox 273 2925 346 2952; x_wconf 80' lang='lat' dir='ltr'>pape</span> <span class='ocrx_word' id='word_1_370' title='bbox 355 2917 375 2943; x_wconf 74' lang='lat'>‘11</span> <span class='ocrx_word' id='word_1_371' title='bbox 385 2915 472 2950; x_wconf 56' lang='lat' dir='ltr'>§agit</span> <span class='ocrx_word' id='word_1_372' title='bbox 486 2916 535 2942; x_wconf 64' lang='lat' dir='ltr'>ici„</span> <span class='ocrx_word' id='word_1_373' title='bbox 550 2915 719 2950; x_wconf 80' lang='lat' dir='ltr'>Cependant</span> <span class='ocrx_word' id='word_1_374' title='bbox 730 2914 750 2940; x_wconf 90' lang='lat' dir='ltr'>il</span> <span class='ocrx_word' id='word_1_375' title='bbox 760 2914 821 2940; x_wconf 73' lang='lat' dir='ltr'>faut</span> <span class='ocrx_word' id='word_1_376' title='bbox 835 2917 917 2940; x_wconf 83' lang='lat' dir='ltr'>noter</span> <span class='ocrx_word' id='word_1_377' title='bbox 927 2914 1034 2947; x_wconf 78' lang='lat' dir='ltr'>qu&#39;nnc</span> <span class='ocrx_word' id='word_1_378' title='bbox 1047 2912 1155 2947; x_wconf 81' lang='lat' dir='ltr'>reprise</span> 
     </span>
     <span class='ocr_line' id='line_1_47' title="bbox 139 2960 1157 2998; baseline -0.007 -5"><span class='ocrx_word' id='word_1_379' title='bbox 139 2966 180 2994; x_wconf 76' lang='lat' dir='ltr'>de</span> <span class='ocrx_word' id='word_1_380' title='bbox 199 2965 298 2993; x_wconf 65' lang='lat' dir='ltr'>castet</span> <span class='ocrx_word' id='word_1_381' title='bbox 320 2964 450 2991; x_wconf 79' lang='lat' dir='ltr'>Fumone</span> <span class='ocrx_word' id='word_1_382' title='bbox 471 2968 517 2991; x_wconf 81' lang='lat' dir='ltr'>cst</span> <span class='ocrx_word' id='word_1_383' title='bbox 539 2965 676 2998; x_wconf 73' lang='lat' dir='ltr'>inat-qnee</span> <span class='ocrx_word' id='word_1_384' title='bbox 690 2963 763 2990; x_wconf 85' lang='lat' dir='ltr'>daus</span> <span class='ocrx_word' id='word_1_385' title='bbox 779 2962 805 2989; x_wconf 83' lang='lat' dir='ltr'>la</span> <span class='ocrx_word' id='word_1_386' title='bbox 821 2963 866 2989; x_wconf 75' lang='lat' dir='ltr'>vie</span> <span class='ocrx_word' id='word_1_387' title='bbox 881 2961 1030 2996; x_wconf 61' lang='lat' dir='ltr'>d&#39;Eugene</span> <span class='ocrx_word' id='word_1_388' title='bbox 1046 2960 1089 2987; x_wconf 81' lang='lat'>111</span> <span class='ocrx_word' id='word_1_389' title='bbox 1107 2968 1157 2994; x_wconf 84' lang='lat' dir='ltr'>par</span> 
     </span>
     <span class='ocr_line' id='line_1_48' title="bbox 138 3012 584 3047; baseline -0.011 -5"><span class='ocrx_word' id='word_1_390' title='bbox 138 3013 242 3042; x_wconf 74' lang='lat' dir='ltr'>Busan</span> <span class='ocrx_word' id='word_1_391' title='bbox 257 3013 298 3047; x_wconf 76' lang='lat' dir='ltr'>(t.</span> <span class='ocrx_word' id='word_1_392' title='bbox 314 3016 356 3044; x_wconf 75' lang='grc' dir='ltr'>Ρ..</span> <span class='ocrx_word' id='word_1_393' title='bbox 372 3017 394 3039; x_wconf 66' lang='grc' dir='ltr'>ι.</span> <span class='ocrx_word' id='word_1_394' title='bbox 409 3012 449 3042; x_wconf 89' lang='lat'>11.</span> <span class='ocrx_word' id='word_1_395' title='bbox 466 3021 494 3047; x_wconf 86' lang='lat' dir='ltr'>p.</span> <span class='ocrx_word' id='word_1_396' title='bbox 509 3012 584 3045; x_wconf 70' lang='lat'><strong>387).</strong></span> 
     </span>
    </p>
   </div>
   <div class='ocr_carea' id='block_1_5' title="bbox 283 3072 632 3102">
    <p class='ocr_par' dir='ltr' id='par_1_5' title="bbox 283 3072 632 3102">
     <span class='ocr_line' id='line_1_49' title="bbox 283 3072 632 3102; baseline -0.009 0"><span class='ocrx_word' id='word_1_397' title='bbox 283 3074 370 3102; x_wconf 67' lang='lat' dir='ltr'>[anna</span> <span class='ocrx_word' id='word_1_398' title='bbox 388 3074 534 3102; x_wconf 50' lang='lat' dir='ltr'>cit-nsum.</span> <span class='ocrx_word' id='word_1_399' title='bbox 551 3087 589 3094; x_wconf 94' lang='lat'>—</span> <span class='ocrx_word' id='word_1_400' title='bbox 606 3072 632 3099; x_wconf 73' lang='lat'>1.</span> 
     </span>
    </p>
   </div>
   <div class='ocr_carea' id='block_1_6' title="bbox 1258 416 2263 3031">
    <p class='ocr_par' dir='ltr' id='par_1_6' title="bbox 1260 416 2229 560">
     <span class='ocr_line' id='line_1_50' title="bbox 1261 416 2229 455; baseline 0.001 -10"><span class='ocrx_word' id='word_1_401' title='bbox 1261 421 1308 445; x_wconf 91' lang='lat' dir='ltr'>tra</span> <span class='ocrx_word' id='word_1_402' title='bbox 1322 425 1434 446; x_wconf 89' lang='lat' dir='ltr'>omnes</span> <span class='ocrx_word' id='word_1_403' title='bbox 1451 416 1601 446; x_wconf 85' lang='lat' dir='ltr'>homiues</span> <span class='ocrx_word' id='word_1_404' title='bbox 1617 425 1671 455; x_wconf 88' lang='lat' dir='ltr'>pro</span> <span class='ocrx_word' id='word_1_405' title='bbox 1690 424 1778 455; x_wconf 83' lang='lat' dir='ltr'>posse</span> <span class='ocrx_word' id='word_1_406' title='bbox 1794 425 1851 446; x_wconf 92' lang='lat' dir='ltr'>suo</span> <span class='ocrx_word' id='word_1_407' title='bbox 1867 416 2072 452; x_wconf 75' lang='lat' dir='ltr'>defensuros,</span> <span class='ocrx_word' id='word_1_408' title='bbox 2089 416 2153 446; x_wconf 90' lang='lat' dir='ltr'>nisi</span> <span class='ocrx_word' id='word_1_409' title='bbox 2173 425 2229 455; x_wconf 82' lang='lat' dir='ltr'>per</span> 
     </span>
     <span class='ocr_line' id='line_1_51' title="bbox 1260 468 2226 508; baseline 0 -10"><span class='ocrx_word' id='word_1_410' title='bbox 1260 477 1318 499; x_wconf 89' lang='lat' dir='ltr'>nos</span> <span class='ocrx_word' id='word_1_411' title='bbox 1335 468 1384 498; x_wconf 70' lang='lat' dir='ltr'>vet</span> <span class='ocrx_word' id='word_1_412' title='bbox 1402 478 1457 507; x_wconf 88' lang='lat' dir='ltr'>per</span> <span class='ocrx_word' id='word_1_413' title='bbox 1472 468 1611 508; x_wconf 76' lang='lat' dir='ltr'>aliquem</span> <span class='ocrx_word' id='word_1_414' title='bbox 1633 469 1672 498; x_wconf 84' lang='lat' dir='ltr'>de</span> <span class='ocrx_word' id='word_1_415' title='bbox 1696 468 1846 498; x_wconf 84' lang='lat' dir='ltr'>mandato</span> <span class='ocrx_word' id='word_1_416' title='bbox 1864 474 1970 498; x_wconf 88' lang='lat' dir='ltr'>nostro</span> <span class='ocrx_word' id='word_1_417' title='bbox 1986 474 2124 499; x_wconf 83' lang='lat' dir='ltr'>castrum</span> <span class='ocrx_word' id='word_1_418' title='bbox 2139 469 2226 498; x_wconf 85' lang='lat' dir='ltr'>idem</span> 
     </span>
     <span class='ocr_line' id='line_1_52' title="bbox 1260 522 1518 560; baseline -0.004 -10"><span class='ocrx_word' id='word_1_419' title='bbox 1260 522 1518 560; x_wconf 81' lang='lat' dir='ltr'>impugnaretur.</span> 
     </span>
    </p>

    <p class='ocr_par' dir='ltr' id='par_1_7' title="bbox 1258 573 2229 1296">
     <span class='ocr_line' id='line_1_53' title="bbox 1300 573 2226 612; baseline 0 -9"><span class='ocrx_word' id='word_1_420' title='bbox 1300 573 1334 603; x_wconf 83' lang='lat' dir='ltr'>Si</span> <span class='ocrx_word' id='word_1_421' title='bbox 1352 582 1425 603; x_wconf 89' lang='lat' dir='ltr'>vero</span> <span class='ocrx_word' id='word_1_422' title='bbox 1442 582 1532 602; x_wconf 77' lang='lat' dir='ltr'>versa</span> <span class='ocrx_word' id='word_1_423' title='bbox 1549 573 1615 602; x_wconf 74' lang='lat' dir='ltr'>vice</span> <span class='ocrx_word' id='word_1_424' title='bbox 1635 574 1832 603; x_wconf 76' lang='lat' dir='ltr'>Ber-tranans</span> <span class='ocrx_word' id='word_1_425' title='bbox 1849 579 1878 603; x_wconf 89' lang='lat' dir='ltr'>et</span> <span class='ocrx_word' id='word_1_426' title='bbox 1895 574 2006 603; x_wconf 79' lang='lat' dir='ltr'>fratres</span> <span class='ocrx_word' id='word_1_427' title='bbox 2023 574 2093 612; x_wconf 86' lang='lat' dir='ltr'>ejus</span> <span class='ocrx_word' id='word_1_428' title='bbox 2108 574 2226 611; x_wconf 83' lang='lat' dir='ltr'>Grego-</span> 
     </span>
     <span class='ocr_line' id='line_1_54' title="bbox 1260 626 2226 664; baseline -0.001 -9"><span class='ocrx_word' id='word_1_429' title='bbox 1260 626 1344 655; x_wconf 88' lang='lat' dir='ltr'>rium</span> <span class='ocrx_word' id='word_1_430' title='bbox 1368 635 1462 664; x_wconf 87' lang='lat' dir='ltr'>super</span> <span class='ocrx_word' id='word_1_431' title='bbox 1486 634 1522 654; x_wconf 88' lang='lat' dir='ltr'>ea</span> <span class='ocrx_word' id='word_1_432' title='bbox 1548 631 1635 663; x_wconf 88' lang='lat' dir='ltr'>parte</span> <span class='ocrx_word' id='word_1_433' title='bbox 1659 626 1754 654; x_wconf 83' lang='lat' dir='ltr'>castri</span> <span class='ocrx_word' id='word_1_434' title='bbox 1778 635 1874 664; x_wconf 80' lang='lat' dir='ltr'>qnam</span> <span class='ocrx_word' id='word_1_435' title='bbox 1899 627 1928 655; x_wconf 86' lang='lat' dir='ltr'>ei</span> <span class='ocrx_word' id='word_1_436' title='bbox 1953 627 2172 656; x_wconf 78' lang='lat' dir='ltr'>concessimus</span> <span class='ocrx_word' id='word_1_437' title='bbox 2196 630 2226 656; x_wconf 82' lang='lat' dir='ltr'>et</span> 
     </span>
     <span class='ocr_line' id='line_1_55' title="bbox 1260 677 2225 717; baseline 0 -10"><span class='ocrx_word' id='word_1_438' title='bbox 1260 687 1356 717; x_wconf 87' lang='lat' dir='ltr'>super</span> <span class='ocrx_word' id='word_1_439' title='bbox 1379 677 1527 708; x_wconf 82' lang='lat' dir='ltr'>custodia</span> <span class='ocrx_word' id='word_1_440' title='bbox 1550 678 1646 707; x_wconf 88' lang='lat' dir='ltr'>turris</span> <span class='ocrx_word' id='word_1_441' title='bbox 1668 677 1828 707; x_wconf 80' lang='lat' dir='ltr'>voluerint</span> <span class='ocrx_word' id='word_1_442' title='bbox 1844 678 2000 716; x_wconf 80' lang='lat' dir='ltr'>impedire</span> <span class='ocrx_word' id='word_1_443' title='bbox 2016 678 2064 707; x_wconf 86' lang='lat' dir='ltr'>vel</span> <span class='ocrx_word' id='word_1_444' title='bbox 2081 677 2225 716; x_wconf 75' lang='lat' dir='ltr'>aliquam</span> 
     </span>
     <span class='ocr_line' id='line_1_56' title="bbox 1260 730 2228 763; baseline -0.001 -2"><span class='ocrx_word' id='word_1_445' title='bbox 1260 732 1290 761; x_wconf 87' lang='lat' dir='ltr'>ei</span> <span class='ocrx_word' id='word_1_446' title='bbox 1314 731 1434 760; x_wconf 76' lang='lat' dir='ltr'>inferre</span> <span class='ocrx_word' id='word_1_447' title='bbox 1456 730 1651 763; x_wconf 84' lang='lat' dir='ltr'>molestiam.</span> <span class='ocrx_word' id='word_1_448' title='bbox 1670 730 1734 759; x_wconf 85' lang='lat' dir='ltr'>nisi</span> <span class='ocrx_word' id='word_1_449' title='bbox 1756 731 1833 759; x_wconf 77' lang='lat' dir='ltr'>sorte</span> <span class='ocrx_word' id='word_1_450' title='bbox 1850 730 1882 759; x_wconf 85' lang='lat' dir='ltr'>id</span> <span class='ocrx_word' id='word_1_451' title='bbox 1899 731 1937 760; x_wconf 88' lang='lat' dir='ltr'>de</span> <span class='ocrx_word' id='word_1_452' title='bbox 1952 731 2101 760; x_wconf 79' lang='lat' dir='ltr'>mandato</span> <span class='ocrx_word' id='word_1_453' title='bbox 2120 736 2228 761; x_wconf 89' lang='lat' dir='ltr'>nostro</span> 
     </span>
     <span class='ocr_line' id='line_1_57' title="bbox 1261 782 2226 821; baseline 0 -9"><span class='ocrx_word' id='word_1_454' title='bbox 1261 782 1310 813; x_wconf 83' lang='lat' dir='ltr'>vel</span> <span class='ocrx_word' id='word_1_455' title='bbox 1331 791 1551 813; x_wconf 85' lang='lat' dir='ltr'>successorum</span> <span class='ocrx_word' id='word_1_456' title='bbox 1575 782 1680 814; x_wconf 83' lang='lat' dir='ltr'>fieret.</span> <span class='ocrx_word' id='word_1_457' title='bbox 1702 782 1851 812; x_wconf 88' lang='lat' dir='ltr'>homines</span> <span class='ocrx_word' id='word_1_458' title='bbox 1874 783 2041 821; x_wconf 78' lang='lat' dir='ltr'>utriusque</span> <span class='ocrx_word' id='word_1_459' title='bbox 2064 783 2162 821; x_wconf 82' lang='lat' dir='ltr'>partis</span> <span class='ocrx_word' id='word_1_460' title='bbox 2187 785 2226 813; x_wconf 87' lang='lat' dir='ltr'>si·</span> 
     </span>
     <span class='ocr_line' id='line_1_58' title="bbox 1260 836 2228 874; baseline 0 -9"><span class='ocrx_word' id='word_1_461' title='bbox 1260 836 1332 866; x_wconf 87' lang='lat' dir='ltr'>mili</span> <span class='ocrx_word' id='word_1_462' title='bbox 1354 837 1539 874; x_wconf 82' lang='lat' dir='ltr'>juramento</span> <span class='ocrx_word' id='word_1_463' title='bbox 1561 840 1722 864; x_wconf 86' lang='lat' dir='ltr'>tenentur.</span> <span class='ocrx_word' id='word_1_464' title='bbox 1744 836 1941 865; x_wconf 69' lang='lat' dir='ltr'>duraverunt</span> <span class='ocrx_word' id='word_1_465' title='bbox 1963 841 1992 865; x_wconf 85' lang='lat' dir='ltr'>et</span> <span class='ocrx_word' id='word_1_466' title='bbox 2014 836 2162 865; x_wconf 88' lang='lat' dir='ltr'>homines</span> <span class='ocrx_word' id='word_1_467' title='bbox 2182 836 2228 874; x_wconf 84' lang='lat' dir='ltr'>ip-</span> 
     </span>
     <span class='ocr_line' id='line_1_59' title="bbox 1261 887 2227 927; baseline 0 -9"><span class='ocrx_word' id='word_1_468' title='bbox 1261 889 1329 918; x_wconf 87' lang='lat' dir='ltr'>sius</span> <span class='ocrx_word' id='word_1_469' title='bbox 1352 888 1447 918; x_wconf 82' lang='lat' dir='ltr'>castri</span> <span class='ocrx_word' id='word_1_470' title='bbox 1471 888 1555 927; x_wconf 83' lang='lat' dir='ltr'>quod</span> <span class='ocrx_word' id='word_1_471' title='bbox 1581 888 1609 917; x_wconf 87' lang='lat' dir='ltr'>si</span> <span class='ocrx_word' id='word_1_472' title='bbox 1633 888 1732 917; x_wconf 84' lang='lat' dir='ltr'>altera</span> <span class='ocrx_word' id='word_1_473' title='bbox 1754 887 1804 917; x_wconf 74' lang='lat' dir='ltr'>vel</span> <span class='ocrx_word' id='word_1_474' title='bbox 1828 892 1961 926; x_wconf 86' lang='lat' dir='ltr'>utraque</span> <span class='ocrx_word' id='word_1_475' title='bbox 1984 897 2054 926; x_wconf 77' lang='lat' dir='ltr'>pars</span> <span class='ocrx_word' id='word_1_476' title='bbox 2074 888 2227 918; x_wconf 72' lang='lat' dir='ltr'>adversus</span> 
     </span>
     <span class='ocr_line' id='line_1_60' title="bbox 1262 940 2226 971; baseline -0.001 -1"><span class='ocrx_word' id='word_1_477' title='bbox 1262 950 1319 971; x_wconf 88' lang='lat' dir='ltr'>nos</span> <span class='ocrx_word' id='word_1_478' title='bbox 1335 941 1384 971; x_wconf 82' lang='lat' dir='ltr'>vel</span> <span class='ocrx_word' id='word_1_479' title='bbox 1400 940 1553 970; x_wconf 71' lang='lat' dir='ltr'>adversus</span> <span class='ocrx_word' id='word_1_480' title='bbox 1568 940 1741 970; x_wconf 85' lang='lat' dir='ltr'>catholicos</span> <span class='ocrx_word' id='word_1_481' title='bbox 1759 949 1958 970; x_wconf 80' lang='lat' dir='ltr'>successores</span> <span class='ocrx_word' id='word_1_482' title='bbox 1982 946 2104 970; x_wconf 80' lang='lat' dir='ltr'>nostros</span> <span class='ocrx_word' id='word_1_483' title='bbox 2123 940 2226 970; x_wconf 79' lang='lat' dir='ltr'>volue-</span> 
     </span>
     <span class='ocr_line' id='line_1_61' title="bbox 1262 992 2227 1030; baseline -0.001 -7"><span class='ocrx_word' id='word_1_484' title='bbox 1262 994 1328 1023; x_wconf 84' lang='lat' dir='ltr'>riut</span> <span class='ocrx_word' id='word_1_485' title='bbox 1354 993 1527 1030; x_wconf 76' lang='lat' dir='ltr'>malignari</span> <span class='ocrx_word' id='word_1_486' title='bbox 1551 998 1606 1022; x_wconf 85' lang='lat' dir='ltr'>ant</span> <span class='ocrx_word' id='word_1_487' title='bbox 1632 992 1791 1022; x_wconf 75' lang='lat' dir='ltr'>malitiam</span> <span class='ocrx_word' id='word_1_488' title='bbox 1817 992 1959 1030; x_wconf 69' lang='lat' dir='ltr'>aliquam</span> <span class='ocrx_word' id='word_1_489' title='bbox 1981 1002 2136 1023; x_wconf 79' lang='lat' dir='ltr'>exercere.</span> <span class='ocrx_word' id='word_1_490' title='bbox 2156 992 2227 1022; x_wconf 90' lang='lat' dir='ltr'>illos</span> 
     </span>
     <span class='ocr_line' id='line_1_62' title="bbox 1260 1045 2228 1083; baseline -0.001 -8"><span class='ocrx_word' id='word_1_491' title='bbox 1260 1046 1394 1076; x_wconf 77' lang='lat' dir='ltr'>omniuo</span> <span class='ocrx_word' id='word_1_492' title='bbox 1417 1046 1564 1075; x_wconf 84' lang='lat' dir='ltr'>deserent</span> <span class='ocrx_word' id='word_1_493' title='bbox 1587 1050 1618 1075; x_wconf 82' lang='lat' dir='ltr'>et</span> <span class='ocrx_word' id='word_1_494' title='bbox 1644 1054 1683 1074; x_wconf 82' lang='lat' dir='ltr'>ne</span> <span class='ocrx_word' id='word_1_495' title='bbox 1709 1045 1740 1074; x_wconf 88' lang='lat' dir='ltr'>id</span> <span class='ocrx_word' id='word_1_496' title='bbox 1765 1046 1818 1073; x_wconf 71' lang='lat' dir='ltr'>tint</span> <span class='ocrx_word' id='word_1_497' title='bbox 1838 1045 2096 1083; x_wconf 77' lang='lat' dir='ltr'>quibuscumque</span> <span class='ocrx_word' id='word_1_498' title='bbox 2125 1045 2228 1074; x_wconf 83' lang='lat' dir='ltr'>modis</span> 
     </span>
     <span class='ocr_line' id='line_1_63' title="bbox 1263 1097 2227 1137; baseline -0.002 -9"><span class='ocrx_word' id='word_1_499' title='bbox 1263 1102 1411 1137; x_wconf 86' lang='lat' dir='ltr'>poterunt</span> <span class='ocrx_word' id='word_1_500' title='bbox 1433 1098 1636 1127; x_wconf 82' lang='lat' dir='ltr'>laborabunt.</span> <span class='ocrx_word' id='word_1_501' title='bbox 1663 1098 1797 1136; x_wconf 86' lang='lat' dir='ltr'>Insuper</span> <span class='ocrx_word' id='word_1_502' title='bbox 1818 1098 1914 1127; x_wconf 79' lang='lat' dir='ltr'>altera</span> <span class='ocrx_word' id='word_1_503' title='bbox 1941 1107 2012 1136; x_wconf 86' lang='lat' dir='ltr'>pars</span> <span class='ocrx_word' id='word_1_504' title='bbox 2033 1097 2124 1127; x_wconf 79' lang='lat' dir='ltr'>alteri</span> <span class='ocrx_word' id='word_1_505' title='bbox 2149 1098 2227 1136; x_wconf 83' lang='lat' dir='ltr'>parti</span> 
     </span>
     <span class='ocr_line' id='line_1_64' title="bbox 1258 1150 2229 1190; baseline -0.001 -10"><span class='ocrx_word' id='word_1_506' title='bbox 1258 1153 1483 1190; x_wconf 80' lang='lat' dir='ltr'>juramei.tnm</span> <span class='ocrx_word' id='word_1_507' title='bbox 1505 1151 1684 1180; x_wconf 82' lang='lat' dir='ltr'>securitatis</span> <span class='ocrx_word' id='word_1_508' title='bbox 1705 1150 1738 1179; x_wconf 87' lang='lat' dir='ltr'>in</span> <span class='ocrx_word' id='word_1_509' title='bbox 1760 1152 1916 1188; x_wconf 76' lang='lat' dir='ltr'>presentia</span> <span class='ocrx_word' id='word_1_510' title='bbox 1934 1155 2039 1179; x_wconf 84' lang='lat' dir='ltr'>nosti-a</span> <span class='ocrx_word' id='word_1_511' title='bbox 2055 1155 2085 1179; x_wconf 89' lang='lat' dir='ltr'>et</span> <span class='ocrx_word' id='word_1_512' title='bbox 2102 1150 2229 1187; x_wconf 79' lang='lat' dir='ltr'>fidejus-</span> 
     </span>
     <span class='ocr_line' id='line_1_65' title="bbox 1262 1202 2229 1241; baseline -0.003 -7"><span class='ocrx_word' id='word_1_513' title='bbox 1262 1213 1350 1234; x_wconf 86' lang='lat' dir='ltr'>sores</span> <span class='ocrx_word' id='word_1_514' title='bbox 1368 1203 1460 1233; x_wconf 89' lang='lat' dir='ltr'>nobis</span> <span class='ocrx_word' id='word_1_515' title='bbox 1482 1212 1535 1241; x_wconf 88' lang='lat' dir='ltr'>pro</span> <span class='ocrx_word' id='word_1_516' title='bbox 1551 1207 1681 1232; x_wconf 85' lang='lat' dir='ltr'>centnm</span> <span class='ocrx_word' id='word_1_517' title='bbox 1699 1202 1789 1232; x_wconf 87' lang='lat' dir='ltr'>libris</span> <span class='ocrx_word' id='word_1_518' title='bbox 1812 1203 1972 1240; x_wconf 65' lang='lat' dir='ltr'>papiensis</span> <span class='ocrx_word' id='word_1_519' title='bbox 1996 1208 2120 1232; x_wconf 84' lang='lat' dir='ltr'>monete</span> <span class='ocrx_word' id='word_1_520' title='bbox 2140 1202 2229 1241; x_wconf 80' lang='lat' dir='ltr'>qnis-</span> 
     </span>
     <span class='ocr_line' id='line_1_66' title="bbox 1263 1255 1976 1296; baseline -0.006 -10"><span class='ocrx_word' id='word_1_521' title='bbox 1263 1266 1325 1296; x_wconf 83' lang='lat' dir='ltr'>que</span> <span class='ocrx_word' id='word_1_522' title='bbox 1342 1264 1452 1286; x_wconf 83' lang='lat' dir='ltr'>eornm</span> <span class='ocrx_word' id='word_1_523' title='bbox 1470 1265 1566 1293; x_wconf 90' lang='lat' dir='ltr'>snper</span> <span class='ocrx_word' id='word_1_524' title='bbox 1584 1256 1632 1284; x_wconf 85' lang='lat' dir='ltr'>his</span> <span class='ocrx_word' id='word_1_525' title='bbox 1647 1255 1798 1284; x_wconf 86' lang='lat' dir='ltr'>omnibns</span> <span class='ocrx_word' id='word_1_526' title='bbox 1813 1255 1976 1292; x_wconf 70' lang='lat' dir='ltr'>obligavit.</span> 
     </span>
    </p>

    <p class='ocr_par' dir='ltr' id='par_1_8' title="bbox 1264 1307 2234 2086">
     <span class='ocr_line' id='line_1_67' title="bbox 1304 1307 2230 1346; baseline -0.003 -7"><span class='ocrx_word' id='word_1_527' title='bbox 1304 1309 1523 1346; x_wconf 77' lang='lat' dir='ltr'>Fidejiissores</span> <span class='ocrx_word' id='word_1_528' title='bbox 1539 1308 1698 1346; x_wconf 83' lang='lat' dir='ltr'>siqnidem</span> <span class='ocrx_word' id='word_1_529' title='bbox 1715 1316 1751 1336; x_wconf 78' lang='lat' dir='ltr'>ex</span> <span class='ocrx_word' id='word_1_530' title='bbox 1770 1312 1856 1345; x_wconf 84' lang='lat' dir='ltr'>parte</span> <span class='ocrx_word' id='word_1_531' title='bbox 1869 1307 2017 1345; x_wconf 68' lang='lat' dir='ltr'>Gregorii</span> <span class='ocrx_word' id='word_1_532' title='bbox 2034 1313 2110 1336; x_wconf 87' lang='lat' dir='ltr'>sunt</span> <span class='ocrx_word' id='word_1_533' title='bbox 2126 1319 2131 1335; x_wconf 91' lang='lat'>:</span> <span class='ocrx_word' id='word_1_534' title='bbox 2150 1309 2230 1344; x_wconf 63' lang='lat' dir='ltr'>Uge-</span> 
     </span>
     <span class='ocr_line' id='line_1_68' title="bbox 1265 1360 2230 1401; baseline -0.003 -9"><span class='ocrx_word' id='word_1_535' title='bbox 1265 1363 1331 1393; x_wconf 90' lang='lat' dir='ltr'>rius</span> <span class='ocrx_word' id='word_1_536' title='bbox 1347 1362 1472 1393; x_wconf 80' lang='lat' dir='ltr'>Ottonis</span> <span class='ocrx_word' id='word_1_537' title='bbox 1491 1370 1544 1401; x_wconf 87' lang='lat' dir='ltr'>pro</span> <span class='ocrx_word' id='word_1_538' title='bbox 1564 1365 1692 1391; x_wconf 83' lang='lat' dir='ltr'>centurn</span> <span class='ocrx_word' id='word_1_539' title='bbox 1713 1360 1826 1390; x_wconf 85' lang='lat' dir='ltr'>solidis</span> <span class='ocrx_word' id='word_1_540' title='bbox 1842 1360 2006 1399; x_wconf 75' lang='lat' dir='ltr'>papiensis</span> <span class='ocrx_word' id='word_1_541' title='bbox 2022 1365 2160 1394; x_wconf 71' lang='lat' dir='ltr'>monete,</span> <span class='ocrx_word' id='word_1_542' title='bbox 2176 1360 2230 1389; x_wconf 83' lang='lat' dir='ltr'>Gi-</span> 
     </span>
     <span class='ocr_line' id='line_1_69' title="bbox 1265 1412 2229 1453; baseline -0.003 -8"><span class='ocrx_word' id='word_1_543' title='bbox 1265 1415 1378 1446; x_wconf 89' lang='lat' dir='ltr'>rardus</span> <span class='ocrx_word' id='word_1_544' title='bbox 1395 1415 1435 1444; x_wconf 85' lang='lat' dir='ltr'>de</span> <span class='ocrx_word' id='word_1_545' title='bbox 1459 1414 1610 1444; x_wconf 73' lang='lat' dir='ltr'>Anticulo</span> <span class='ocrx_word' id='word_1_546' title='bbox 1629 1422 1683 1453; x_wconf 88' lang='lat' dir='ltr'>pro</span> <span class='ocrx_word' id='word_1_547' title='bbox 1700 1417 1828 1444; x_wconf 84' lang='lat' dir='ltr'>centum</span> <span class='ocrx_word' id='word_1_548' title='bbox 1845 1413 1971 1447; x_wconf 80' lang='lat' dir='ltr'>solidis,</span> <span class='ocrx_word' id='word_1_549' title='bbox 1990 1413 2102 1442; x_wconf 80' lang='lat' dir='ltr'>Petrus</span> <span class='ocrx_word' id='word_1_550' title='bbox 2118 1412 2229 1442; x_wconf 81' lang='lat' dir='ltr'>donini</span> 
     </span>
     <span class='ocr_line' id='line_1_70' title="bbox 1265 1465 2230 1506; baseline -0.004 -8"><span class='ocrx_word' id='word_1_551' title='bbox 1265 1467 1430 1499; x_wconf 79' lang='lat' dir='ltr'>Ruinandi</span> <span class='ocrx_word' id='word_1_552' title='bbox 1452 1475 1505 1506; x_wconf 86' lang='lat' dir='ltr'>pro</span> <span class='ocrx_word' id='word_1_553' title='bbox 1522 1476 1539 1496; x_wconf 84' lang='lat' dir='ltr'>c</span> <span class='ocrx_word' id='word_1_554' title='bbox 1561 1466 1688 1499; x_wconf 83' lang='lat' dir='ltr'>solidis,</span> <span class='ocrx_word' id='word_1_555' title='bbox 1709 1467 1768 1496; x_wconf 83' lang='lat' dir='ltr'>Leo</span> <span class='ocrx_word' id='word_1_556' title='bbox 1788 1466 1897 1495; x_wconf 88' lang='lat' dir='ltr'>domni</span> <span class='ocrx_word' id='word_1_557' title='bbox 1916 1465 2018 1495; x_wconf 80' lang='lat' dir='ltr'>Laudi</span> <span class='ocrx_word' id='word_1_558' title='bbox 2035 1465 2073 1494; x_wconf 87' lang='lat' dir='ltr'>de.</span> <span class='ocrx_word' id='word_1_559' title='bbox 2092 1465 2230 1495; x_wconf 83' lang='lat' dir='ltr'>Berardo</span> 
     </span>
     <span class='ocr_line' id='line_1_71' title="bbox 1265 1517 2231 1561; baseline -0.005 -10"><span class='ocrx_word' id='word_1_560' title='bbox 1265 1530 1321 1561; x_wconf 93' lang='lat' dir='ltr'>pro</span> <span class='ocrx_word' id='word_1_561' title='bbox 1343 1530 1360 1550; x_wconf 83' lang='lat' dir='ltr'>c</span> <span class='ocrx_word' id='word_1_562' title='bbox 1383 1520 1510 1556; x_wconf 85' lang='lat' dir='ltr'>solidis,</span> <span class='ocrx_word' id='word_1_563' title='bbox 1533 1519 1740 1550; x_wconf 80' lang='lat' dir='ltr'>Crescentins</span> <span class='ocrx_word' id='word_1_564' title='bbox 1762 1518 1880 1548; x_wconf 77' lang='lat' dir='ltr'>Lazarii</span> <span class='ocrx_word' id='word_1_565' title='bbox 1903 1526 1958 1556; x_wconf 87' lang='lat' dir='ltr'>pro</span> <span class='ocrx_word' id='word_1_566' title='bbox 1975 1527 1991 1547; x_wconf 84' lang='lat' dir='ltr'>c</span> <span class='ocrx_word' id='word_1_567' title='bbox 2011 1517 2141 1552; x_wconf 80' lang='lat' dir='ltr'>solidis,</span> <span class='ocrx_word' id='word_1_568' title='bbox 2159 1517 2231 1547; x_wconf 86' lang='lat' dir='ltr'>Otto</span> 
     </span>
     <span class='ocr_line' id='line_1_72' title="bbox 1264 1570 2232 1611; baseline -0.005 -8"><span class='ocrx_word' id='word_1_569' title='bbox 1264 1573 1378 1604; x_wconf 79' lang='lat' dir='ltr'>donini</span> <span class='ocrx_word' id='word_1_570' title='bbox 1405 1572 1504 1602; x_wconf 55' lang='lat' dir='ltr'>laudi</span> <span class='ocrx_word' id='word_1_571' title='bbox 1527 1580 1580 1611; x_wconf 87' lang='lat' dir='ltr'>pro</span> <span class='ocrx_word' id='word_1_572' title='bbox 1603 1581 1620 1601; x_wconf 84' lang='lat' dir='ltr'>c</span> <span class='ocrx_word' id='word_1_573' title='bbox 1644 1571 1774 1605; x_wconf 78' lang='lat' dir='ltr'>solidis,</span> <span class='ocrx_word' id='word_1_574' title='bbox 1796 1570 1971 1609; x_wconf 73' lang='lat' dir='ltr'>Gregorius</span> <span class='ocrx_word' id='word_1_575' title='bbox 1997 1570 2096 1599; x_wconf 80' lang='lat' dir='ltr'>Laudi</span> <span class='ocrx_word' id='word_1_576' title='bbox 2119 1570 2232 1599; x_wconf 78' lang='lat' dir='ltr'>donini</span> 
     </span>
     <span class='ocr_line' id='line_1_73' title="bbox 1268 1623 2233 1664; baseline -0.004 -8"><span class='ocrx_word' id='word_1_577' title='bbox 1268 1626 1403 1656; x_wconf 79' lang='lat' dir='ltr'>Berardi</span> <span class='ocrx_word' id='word_1_578' title='bbox 1430 1633 1486 1664; x_wconf 84' lang='lat' dir='ltr'>pro</span> <span class='ocrx_word' id='word_1_579' title='bbox 1512 1634 1529 1655; x_wconf 85' lang='lat' dir='ltr'>c</span> <span class='ocrx_word' id='word_1_580' title='bbox 1555 1624 1680 1659; x_wconf 80' lang='lat' dir='ltr'>solidis,</span> <span class='ocrx_word' id='word_1_581' title='bbox 1706 1624 1808 1654; x_wconf 79' lang='lat' dir='ltr'>Carbo</span> <span class='ocrx_word' id='word_1_582' title='bbox 1832 1623 1943 1653; x_wconf 79' lang='lat' dir='ltr'>donini</span> <span class='ocrx_word' id='word_1_583' title='bbox 1971 1623 2152 1652; x_wconf 77' lang='lat' dir='ltr'>ptholomei</span> <span class='ocrx_word' id='word_1_584' title='bbox 2178 1631 2233 1661; x_wconf 82' lang='lat' dir='ltr'>pro</span> 
     </span>
     <span class='ocr_line' id='line_1_74' title="bbox 1266 1675 2234 1714; baseline -0.005 -5"><span class='ocrx_word' id='word_1_585' title='bbox 1266 1679 1420 1713; x_wconf 84' lang='lat' dir='ltr'>c&#39;solidis,</span> <span class='ocrx_word' id='word_1_586' title='bbox 1441 1678 1600 1708; x_wconf 75' lang='lat' dir='ltr'>Heni-icus</span> <span class='ocrx_word' id='word_1_587' title='bbox 1615 1677 1726 1707; x_wconf 84' lang='lat' dir='ltr'>donini</span> <span class='ocrx_word' id='word_1_588' title='bbox 1747 1676 1863 1705; x_wconf 69' lang='lat' dir='ltr'>Lazarii</span> <span class='ocrx_word' id='word_1_589' title='bbox 1887 1684 1942 1714; x_wconf 86' lang='lat' dir='ltr'>pro</span> <span class='ocrx_word' id='word_1_590' title='bbox 1961 1685 1977 1705; x_wconf 85' lang='lat' dir='ltr'>e</span> <span class='ocrx_word' id='word_1_591' title='bbox 1998 1676 2125 1710; x_wconf 78' lang='lat' dir='ltr'>solidis,</span> <span class='ocrx_word' id='word_1_592' title='bbox 2151 1675 2234 1711; x_wconf 73' lang='lat' dir='ltr'>Uge-</span> 
     </span>
     <span class='ocr_line' id='line_1_75' title="bbox 1267 1728 2232 1768; baseline -0.007 -6"><span class='ocrx_word' id='word_1_593' title='bbox 1267 1733 1334 1762; x_wconf 88' lang='lat' dir='ltr'>rins</span> <span class='ocrx_word' id='word_1_594' title='bbox 1358 1731 1470 1761; x_wconf 80' lang='lat' dir='ltr'>donini</span> <span class='ocrx_word' id='word_1_595' title='bbox 1495 1730 1665 1760; x_wconf 82' lang='lat' dir='ltr'>Michaelis</span> <span class='ocrx_word' id='word_1_596' title='bbox 1692 1738 1745 1768; x_wconf 88' lang='lat' dir='ltr'>pro</span> <span class='ocrx_word' id='word_1_597' title='bbox 1764 1738 1780 1758; x_wconf 86' lang='lat' dir='ltr'>c</span> <span class='ocrx_word' id='word_1_598' title='bbox 1805 1729 1934 1763; x_wconf 87' lang='lat' dir='ltr'>solidis,</span> <span class='ocrx_word' id='word_1_599' title='bbox 1958 1729 2126 1758; x_wconf 78' lang='lat' dir='ltr'>Joliannes</span> <span class='ocrx_word' id='word_1_600' title='bbox 2147 1728 2232 1757; x_wconf 82' lang='lat' dir='ltr'>Mar-</span> 
     </span>
     <span class='ocr_line' id='line_1_76' title="bbox 1267 1779 2232 1823; baseline -0.005 -9"><span class='ocrx_word' id='word_1_601' title='bbox 1267 1784 1342 1814; x_wconf 85' lang='lat' dir='ltr'>kese</span> <span class='ocrx_word' id='word_1_602' title='bbox 1369 1792 1423 1823; x_wconf 85' lang='lat' dir='ltr'>pro</span> <span class='ocrx_word' id='word_1_603' title='bbox 1454 1792 1470 1813; x_wconf 84' lang='lat' dir='ltr'>c</span> <span class='ocrx_word' id='word_1_604' title='bbox 1493 1782 1624 1817; x_wconf 76' lang='lat' dir='ltr'>solidis,</span> <span class='ocrx_word' id='word_1_605' title='bbox 1655 1782 1814 1819; x_wconf 71' lang='lat' dir='ltr'>Oggerius</span> <span class='ocrx_word' id='word_1_606' title='bbox 1842 1781 1950 1810; x_wconf 76' lang='lat' dir='ltr'>Infans</span> <span class='ocrx_word' id='word_1_607' title='bbox 1978 1789 2031 1819; x_wconf 85' lang='lat' dir='ltr'>pro</span> <span class='ocrx_word' id='word_1_608' title='bbox 2057 1789 2073 1809; x_wconf 85' lang='lat' dir='ltr'>c</span> <span class='ocrx_word' id='word_1_609' title='bbox 2101 1779 2232 1816; x_wconf 69' lang='lat' dir='ltr'>solidis,</span> 
     </span>
     <span class='ocr_line' id='line_1_77' title="bbox 1267 1833 2232 1875; baseline -0.007 -7"><span class='ocrx_word' id='word_1_610' title='bbox 1267 1837 1426 1875; x_wconf 69' lang='lat' dir='ltr'>Oggerins</span> <span class='ocrx_word' id='word_1_611' title='bbox 1441 1835 1549 1865; x_wconf 83' lang='lat' dir='ltr'>donne</span> <span class='ocrx_word' id='word_1_612' title='bbox 1564 1835 1730 1865; x_wconf 84' lang='lat' dir='ltr'>Theodore</span> <span class='ocrx_word' id='word_1_613' title='bbox 1751 1842 1804 1872; x_wconf 82' lang='lat' dir='ltr'>pro</span> <span class='ocrx_word' id='word_1_614' title='bbox 1820 1842 1836 1863; x_wconf 84' lang='lat' dir='ltr'>c</span> <span class='ocrx_word' id='word_1_615' title='bbox 1853 1833 1980 1866; x_wconf 78' lang='lat' dir='ltr'>solidis,</span> <span class='ocrx_word' id='word_1_616' title='bbox 2000 1833 2149 1862; x_wconf 67' lang='lat' dir='ltr'>Albertns</span> <span class='ocrx_word' id='word_1_617' title='bbox 2174 1833 2232 1861; x_wconf 76' lang='lat' dir='ltr'>lle-</span> 
     </span>
     <span class='ocr_line' id='line_1_78' title="bbox 1269 1884 2229 1927; baseline -0.006 -8"><span class='ocrx_word' id='word_1_618' title='bbox 1269 1895 1375 1919; x_wconf 84' lang='lat' dir='ltr'>trusns</span> <span class='ocrx_word' id='word_1_619' title='bbox 1397 1898 1451 1927; x_wconf 92' lang='lat' dir='ltr'>pro</span> <span class='ocrx_word' id='word_1_620' title='bbox 1467 1897 1484 1918; x_wconf 80' lang='lat' dir='ltr'>c</span> <span class='ocrx_word' id='word_1_621' title='bbox 1499 1887 1628 1923; x_wconf 80' lang='lat' dir='ltr'>solidis,</span> <span class='ocrx_word' id='word_1_622' title='bbox 1648 1886 1776 1916; x_wconf 83' lang='lat' dir='ltr'>Landns</span> <span class='ocrx_word' id='word_1_623' title='bbox 1796 1886 1893 1916; x_wconf 70' lang='lat' dir='ltr'>Datus</span> <span class='ocrx_word' id='word_1_624' title='bbox 1908 1885 2033 1914; x_wconf 79' lang='lat' dir='ltr'>diabolo</span> <span class='ocrx_word' id='word_1_625' title='bbox 2050 1894 2104 1922; x_wconf 80' lang='lat' dir='ltr'>pro</span> <span class='ocrx_word' id='word_1_626' title='bbox 2120 1894 2136 1914; x_wconf 84' lang='lat' dir='ltr'>c</span> <span class='ocrx_word' id='word_1_627' title='bbox 2153 1884 2229 1914; x_wconf 88' lang='lat' dir='ltr'>soli-</span> 
     </span>
     <span class='ocr_line' id='line_1_79' title="bbox 1267 1937 2234 1978; baseline -0.006 -6"><span class='ocrx_word' id='word_1_628' title='bbox 1267 1943 1332 1976; x_wconf 84' lang='lat' dir='ltr'>dis,</span> <span class='ocrx_word' id='word_1_629' title='bbox 1355 1941 1533 1971; x_wconf 69' lang='lat' dir='ltr'>llainaldus</span> <span class='ocrx_word' id='word_1_630' title='bbox 1551 1940 1673 1970; x_wconf 85' lang='lat' dir='ltr'>Alberti</span> <span class='ocrx_word' id='word_1_631' title='bbox 1696 1947 1750 1978; x_wconf 86' lang='lat' dir='ltr'>pro</span> <span class='ocrx_word' id='word_1_632' title='bbox 1767 1948 1783 1968; x_wconf 86' lang='lat' dir='ltr'>c</span> <span class='ocrx_word' id='word_1_633' title='bbox 1805 1938 1932 1973; x_wconf 73' lang='lat' dir='ltr'>solidis,</span> <span class='ocrx_word' id='word_1_634' title='bbox 1949 1937 2160 1967; x_wconf 58' lang='lat' dir='ltr'>&#39;rust-anisius</span> <span class='ocrx_word' id='word_1_635' title='bbox 2181 1945 2234 1975; x_wconf 88' lang='lat' dir='ltr'>pro</span> 
     </span>
     <span class='ocr_line' id='line_1_80' title="bbox 1269 1988 2234 2030; baseline -0.008 -5"><span class='ocrx_word' id='word_1_636' title='bbox 1269 2004 1286 2026; x_wconf 83' lang='lat' dir='ltr'>c</span> <span class='ocrx_word' id='word_1_637' title='bbox 1301 1994 1429 2028; x_wconf 88' lang='lat' dir='ltr'>solidis,</span> <span class='ocrx_word' id='word_1_638' title='bbox 1447 1993 1527 2023; x_wconf 89' lang='lat' dir='ltr'>Iltus</span> <span class='ocrx_word' id='word_1_639' title='bbox 1551 1992 1591 2022; x_wconf 86' lang='lat' dir='ltr'>de</span> <span class='ocrx_word' id='word_1_640' title='bbox 1619 1991 1696 2021; x_wconf 81' lang='lat' dir='ltr'>Milo</span> <span class='ocrx_word' id='word_1_641' title='bbox 1716 1999 1770 2030; x_wconf 91' lang='lat' dir='ltr'>pro</span> <span class='ocrx_word' id='word_1_642' title='bbox 1786 1999 1803 2021; x_wconf 85' lang='lat' dir='ltr'>c</span> <span class='ocrx_word' id='word_1_643' title='bbox 1818 1990 1948 2026; x_wconf 84' lang='lat' dir='ltr'>solidis,</span> <span class='ocrx_word' id='word_1_644' title='bbox 1965 1989 2131 2019; x_wconf 79' lang='lat' dir='ltr'>Johannes</span> <span class='ocrx_word' id='word_1_645' title='bbox 2148 1988 2234 2018; x_wconf 79' lang='lat' dir='ltr'>Scal-</span> 
     </span>
     <span class='ocr_line' id='line_1_81' title="bbox 1269 2041 2234 2086; baseline -0.007 -9"><span class='ocrx_word' id='word_1_646' title='bbox 1269 2047 1423 2086; x_wconf 80' lang='lat' dir='ltr'>fagallina</span> <span class='ocrx_word' id='word_1_647' title='bbox 1438 2055 1492 2086; x_wconf 86' lang='lat' dir='ltr'>pro</span> <span class='ocrx_word' id='word_1_648' title='bbox 1511 2055 1527 2075; x_wconf 82' lang='lat' dir='ltr'>c</span> <span class='ocrx_word' id='word_1_649' title='bbox 1548 2045 1674 2078; x_wconf 71' lang='lat' dir='ltr'>solidis,</span> <span class='ocrx_word' id='word_1_650' title='bbox 1691 2044 1820 2074; x_wconf 85' lang='lat' dir='ltr'>Landus</span> <span class='ocrx_word' id='word_1_651' title='bbox 1835 2043 1995 2072; x_wconf 83' lang='lat' dir='ltr'>Mainardi</span> <span class='ocrx_word' id='word_1_652' title='bbox 2011 2051 2065 2081; x_wconf 88' lang='lat' dir='ltr'>pro</span> <span class='ocrx_word' id='word_1_653' title='bbox 2079 2050 2095 2072; x_wconf 85' lang='lat' dir='ltr'>c</span> <span class='ocrx_word' id='word_1_654' title='bbox 2111 2041 2234 2071; x_wconf 87' lang='lat' dir='ltr'>solidis.</span> 
     </span>
    </p>

    <p class='ocr_par' dir='ltr' id='par_1_9' title="bbox 1270 2094 2263 3031">
     <span class='ocr_line' id='line_1_82' title="bbox 1313 2094 2238 2140; baseline -0.009 -9"><span class='ocrx_word' id='word_1_655' title='bbox 1313 2102 1354 2132; x_wconf 83' lang='lat' dir='ltr'>Ex</span> <span class='ocrx_word' id='word_1_656' title='bbox 1372 2105 1459 2140; x_wconf 83' lang='lat' dir='ltr'>parte</span> <span class='ocrx_word' id='word_1_657' title='bbox 1480 2108 1552 2129; x_wconf 84' lang='lat' dir='ltr'>vero</span> <span class='ocrx_word' id='word_1_658' title='bbox 1570 2097 1745 2129; x_wconf 75' lang='lat' dir='ltr'>Serti-anni</span> <span class='ocrx_word' id='word_1_659' title='bbox 1759 2101 1789 2127; x_wconf 87' lang='lat' dir='ltr'>et</span> <span class='ocrx_word' id='word_1_660' title='bbox 1806 2097 1939 2126; x_wconf 74' lang='lat' dir='ltr'>fratrum</span> <span class='ocrx_word' id='word_1_661' title='bbox 1958 2104 2089 2125; x_wconf 82' lang='lat' dir='ltr'>suoi-uni</span> <span class='ocrx_word' id='word_1_662' title='bbox 2107 2094 2238 2132; x_wconf 85' lang='lat' dir='ltr'>fidejus-</span> 
     </span>
     <span class='ocr_line' id='line_1_83' title="bbox 1271 2146 2238 2186; baseline -0.01 -1"><span class='ocrx_word' id='word_1_663' title='bbox 1271 2163 1358 2185; x_wconf 87' lang='lat' dir='ltr'>sores</span> <span class='ocrx_word' id='word_1_664' title='bbox 1374 2157 1450 2183; x_wconf 90' lang='lat' dir='ltr'>sunt</span> <span class='ocrx_word' id='word_1_665' title='bbox 1465 2152 1499 2182; x_wconf 84' lang='lat' dir='ltr'>hi</span> <span class='ocrx_word' id='word_1_666' title='bbox 1519 2161 1526 2180; x_wconf 72' lang='grc' dir='ltr'>ε</span> <span class='ocrx_word' id='word_1_667' title='bbox 1546 2150 1725 2181; x_wconf 75' lang='lat' dir='ltr'>Rollundns</span> <span class='ocrx_word' id='word_1_668' title='bbox 1744 2149 1858 2179; x_wconf 84' lang='lat' dir='ltr'>donini</span> <span class='ocrx_word' id='word_1_669' title='bbox 1879 2148 2008 2186; x_wconf 72' lang='lat' dir='ltr'>Rogerii</span> <span class='ocrx_word' id='word_1_670' title='bbox 2027 2156 2081 2186; x_wconf 87' lang='lat' dir='ltr'>pro</span> <span class='ocrx_word' id='word_1_671' title='bbox 2097 2156 2113 2177; x_wconf 85' lang='lat' dir='ltr'>c</span> <span class='ocrx_word' id='word_1_672' title='bbox 2128 2146 2238 2177; x_wconf 88' lang='lat' dir='ltr'>solidis</span> 
     </span>
     <span class='ocr_line' id='line_1_84' title="bbox 1270 2200 2239 2244; baseline -0.009 -7"><span class='ocrx_word' id='word_1_673' title='bbox 1270 2207 1479 2238; x_wconf 84' lang='lat' dir='ltr'>denariorum</span> <span class='ocrx_word' id='word_1_674' title='bbox 1498 2204 1710 2244; x_wconf 85' lang='lat' dir='ltr'>papiensium,</span> <span class='ocrx_word' id='word_1_675' title='bbox 1731 2202 1860 2232; x_wconf 86' lang='lat' dir='ltr'>Landus</span> <span class='ocrx_word' id='word_1_676' title='bbox 1875 2201 1915 2231; x_wconf 89' lang='lat' dir='ltr'>de</span> <span class='ocrx_word' id='word_1_677' title='bbox 1928 2201 2042 2231; x_wconf 85' lang='lat' dir='ltr'>Judice</span> <span class='ocrx_word' id='word_1_678' title='bbox 2061 2208 2114 2239; x_wconf 89' lang='lat' dir='ltr'>pro</span> <span class='ocrx_word' id='word_1_679' title='bbox 2129 2210 2144 2229; x_wconf 86' lang='lat' dir='ltr'>c</span> <span class='ocrx_word' id='word_1_680' title='bbox 2161 2200 2239 2229; x_wconf 87' lang='lat' dir='ltr'>soli-</span> 
     </span>
     <span class='ocr_line' id='line_1_85' title="bbox 1271 2252 2263 2297; baseline -0.01 -7"><span class='ocrx_word' id='word_1_681' title='bbox 1271 2261 1332 2297; x_wconf 88' lang='lat' dir='ltr'>dis,</span> <span class='ocrx_word' id='word_1_682' title='bbox 1360 2258 1517 2289; x_wconf 75' lang='lat' dir='ltr'>Rol&#39;redns</span> <span class='ocrx_word' id='word_1_683' title='bbox 1544 2257 1584 2287; x_wconf 89' lang='lat' dir='ltr'>de</span> <span class='ocrx_word' id='word_1_684' title='bbox 1608 2256 1757 2287; x_wconf 84' lang='lat' dir='ltr'>Alberico</span> <span class='ocrx_word' id='word_1_685' title='bbox 1782 2263 1838 2294; x_wconf 86' lang='lat' dir='ltr'>pro</span> <span class='ocrx_word' id='word_1_686' title='bbox 1867 2264 1883 2284; x_wconf 86' lang='lat' dir='ltr'>c</span> <span class='ocrx_word' id='word_1_687' title='bbox 1909 2254 2032 2287; x_wconf 76' lang='lat' dir='ltr'>solidis,</span> <span class='ocrx_word' id='word_1_688' title='bbox 2064 2252 2263 2292; x_wconf 73' lang='lat' dir='ltr'>Rollandns¹</span> 
     </span>
     <span class='ocr_line' id='line_1_86' title="bbox 1273 2306 2240 2350; baseline -0.009 -7"><span class='ocrx_word' id='word_1_689' title='bbox 1273 2313 1448 2344; x_wconf 81' lang='lat' dir='ltr'>Mancinus</span> <span class='ocrx_word' id='word_1_690' title='bbox 1468 2320 1521 2350; x_wconf 87' lang='lat' dir='ltr'>pro</span> <span class='ocrx_word' id='word_1_691' title='bbox 1538 2319 1555 2340; x_wconf 89' lang='lat' dir='ltr'>c</span> <span class='ocrx_word' id='word_1_692' title='bbox 1572 2309 1701 2346; x_wconf 89' lang='lat' dir='ltr'>solidis,</span> <span class='ocrx_word' id='word_1_693' title='bbox 1723 2308 1825 2338; x_wconf 86' lang='lat' dir='ltr'>Carbo</span> <span class='ocrx_word' id='word_1_694' title='bbox 1847 2307 1885 2337; x_wconf 88' lang='lat' dir='ltr'>de</span> <span class='ocrx_word' id='word_1_695' title='bbox 1903 2306 2063 2336; x_wconf 69' lang='lat' dir='ltr'>ptolemeo</span> <span class='ocrx_word' id='word_1_696' title='bbox 2082 2314 2136 2343; x_wconf 86' lang='lat' dir='ltr'>pro</span> <span class='ocrx_word' id='word_1_697' title='bbox 2155 2314 2171 2335; x_wconf 87' lang='lat' dir='ltr'>c</span> <span class='ocrx_word' id='word_1_698' title='bbox 2188 2313 2240 2335; x_wconf 91' lang='lat' dir='ltr'>so-</span> 
     </span>
     <span class='ocr_line' id='line_1_87' title="bbox 1273 2357 2240 2401; baseline -0.011 -5"><span class='ocrx_word' id='word_1_699' title='bbox 1273 2366 1366 2401; x_wconf 85' lang='lat' dir='ltr'>lidis,</span> <span class='ocrx_word' id='word_1_700' title='bbox 1386 2365 1452 2395; x_wconf 78' lang='lat' dir='ltr'>Rao</span> <span class='ocrx_word' id='word_1_701' title='bbox 1468 2364 1508 2394; x_wconf 85' lang='lat' dir='ltr'>de</span> <span class='ocrx_word' id='word_1_702' title='bbox 1527 2362 1642 2393; x_wconf 83' lang='lat' dir='ltr'>Jachia</span> <span class='ocrx_word' id='word_1_703' title='bbox 1660 2370 1713 2400; x_wconf 90' lang='lat' dir='ltr'>pro</span> <span class='ocrx_word' id='word_1_704' title='bbox 1728 2370 1745 2391; x_wconf 84' lang='lat' dir='ltr'>c</span> <span class='ocrx_word' id='word_1_705' title='bbox 1760 2359 1888 2394; x_wconf 89' lang='lat' dir='ltr'>solidis,</span> <span class='ocrx_word' id='word_1_706' title='bbox 1910 2359 2044 2396; x_wconf 76' lang='lat' dir='ltr'>Egidius</span> <span class='ocrx_word' id='word_1_707' title='bbox 2059 2358 2097 2387; x_wconf 88' lang='lat' dir='ltr'>de.</span> <span class='ocrx_word' id='word_1_708' title='bbox 2115 2357 2240 2387; x_wconf 81' lang='lat' dir='ltr'>Marino</span> 
     </span>
     <span class='ocr_line' id='line_1_88' title="bbox 1275 2410 2238 2459; baseline -0.011 -10"><span class='ocrx_word' id='word_1_709' title='bbox 1275 2427 1330 2459; x_wconf 88' lang='lat' dir='ltr'>pro</span> <span class='ocrx_word' id='word_1_710' title='bbox 1345 2428 1361 2448; x_wconf 85' lang='lat' dir='ltr'>c</span> <span class='ocrx_word' id='word_1_711' title='bbox 1379 2417 1504 2451; x_wconf 84' lang='lat' dir='ltr'>solidis,</span> <span class='ocrx_word' id='word_1_712' title='bbox 1523 2415 1676 2446; x_wconf 76' lang='lat' dir='ltr'>Albertus</span> <span class='ocrx_word' id='word_1_713' title='bbox 1697 2414 1736 2448; x_wconf 79' lang='lat' dir='ltr'>de</span> <span class='ocrx_word' id='word_1_714' title='bbox 1757 2417 1866 2442; x_wconf 83' lang='lat' dir='ltr'>sancto</span> <span class='ocrx_word' id='word_1_715' title='bbox 1884 2411 1997 2449; x_wconf 75' lang='lat' dir='ltr'>Egidio</span> <span class='ocrx_word' id='word_1_716' title='bbox 2017 2419 2070 2450; x_wconf 86' lang='lat' dir='ltr'>pro</span> <span class='ocrx_word' id='word_1_717' title='bbox 2085 2420 2101 2440; x_wconf 83' lang='lat' dir='ltr'>c</span> <span class='ocrx_word' id='word_1_718' title='bbox 2118 2410 2238 2444; x_wconf 73' lang='lat' dir='ltr'>solidis,</span> 
     </span>
     <span class='ocr_line' id='line_1_89' title="bbox 1275 2462 2240 2510; baseline -0.013 -7"><span class='ocrx_word' id='word_1_719' title='bbox 1275 2471 1417 2510; x_wconf 75' lang='lat' dir='ltr'>Ugerius</span> <span class='ocrx_word' id='word_1_720' title='bbox 1434 2470 1472 2500; x_wconf 75' lang='lat' dir='ltr'>do</span> <span class='ocrx_word' id='word_1_721' title='bbox 1495 2468 1563 2499; x_wconf 86' lang='lat' dir='ltr'>Odo</span> <span class='ocrx_word' id='word_1_722' title='bbox 1583 2476 1638 2507; x_wconf 86' lang='lat' dir='ltr'>pro</span> <span class='ocrx_word' id='word_1_723' title='bbox 1660 2476 1676 2497; x_wconf 88' lang='lat' dir='ltr'>e</span> <span class='ocrx_word' id='word_1_724' title='bbox 1698 2466 1826 2500; x_wconf 87' lang='lat' dir='ltr'>solidis,</span> <span class='ocrx_word' id='word_1_725' title='bbox 1851 2464 1984 2502; x_wconf 73' lang='lat' dir='ltr'>Egidins</span> <span class='ocrx_word' id='word_1_726' title='bbox 2005 2463 2043 2492; x_wconf 86' lang='lat' dir='ltr'>de</span> <span class='ocrx_word' id='word_1_727' title='bbox 2070 2462 2240 2492; x_wconf 79' lang='lat' dir='ltr'>Benedicta</span> 
     </span>
     <span class='ocr_line' id='line_1_90' title="bbox 1274 2515 2238 2564; baseline -0.011 -9"><span class='ocrx_word' id='word_1_728' title='bbox 1274 2533 1330 2564; x_wconf 91' lang='lat' dir='ltr'>pro</span> <span class='ocrx_word' id='word_1_729' title='bbox 1349 2533 1366 2554; x_wconf 87' lang='lat' dir='ltr'>c</span> <span class='ocrx_word' id='word_1_730' title='bbox 1390 2522 1512 2554; x_wconf 73' lang='lat' dir='ltr'>solidis,</span> <span class='ocrx_word' id='word_1_731' title='bbox 1539 2521 1686 2551; x_wconf 61' lang='lat' dir='ltr'>alatheus</span> <span class='ocrx_word' id='word_1_732' title='bbox 1711 2519 1749 2548; x_wconf 85' lang='lat' dir='ltr'>de</span> <span class='ocrx_word' id='word_1_733' title='bbox 1769 2517 1973 2548; x_wconf 72' lang='lat' dir='ltr'>&#39;l‘orrisciana</span> <span class='ocrx_word' id='word_1_734' title='bbox 2001 2525 2056 2555; x_wconf 86' lang='lat' dir='ltr'>pro</span> <span class='ocrx_word' id='word_1_735' title='bbox 2077 2525 2093 2545; x_wconf 83' lang='lat' dir='ltr'>c</span> <span class='ocrx_word' id='word_1_736' title='bbox 2115 2515 2238 2549; x_wconf 76' lang='lat' dir='ltr'>solidis.</span> 
     </span>
     <span class='ocr_line' id='line_1_91' title="bbox 1275 2567 2242 2615; baseline -0.011 -8"><span class='ocrx_word' id='word_1_737' title='bbox 1275 2576 1446 2615; x_wconf 84' lang='lat' dir='ltr'>Philippus</span> <span class='ocrx_word' id='word_1_738' title='bbox 1459 2575 1498 2604; x_wconf 86' lang='lat' dir='ltr'>de</span> <span class='ocrx_word' id='word_1_739' title='bbox 1511 2574 1631 2604; x_wconf 78' lang='lat' dir='ltr'>Jacobo</span> <span class='ocrx_word' id='word_1_740' title='bbox 1645 2580 1700 2611; x_wconf 90' lang='lat' dir='ltr'>pro</span> <span class='ocrx_word' id='word_1_741' title='bbox 1712 2580 1728 2601; x_wconf 84' lang='lat' dir='ltr'>c</span> <span class='ocrx_word' id='word_1_742' title='bbox 1744 2570 1867 2604; x_wconf 79' lang='lat' dir='ltr'>solidis,</span> <span class='ocrx_word' id='word_1_743' title='bbox 1883 2569 2051 2598; x_wconf 75' lang='lat' dir='ltr'>Johanncs</span> <span class='ocrx_word' id='word_1_744' title='bbox 2062 2568 2100 2597; x_wconf 85' lang='lat' dir='ltr'>de</span> <span class='ocrx_word' id='word_1_745' title='bbox 2112 2567 2242 2597; x_wconf 73' lang='lat' dir='ltr'>Alberto</span> 
     </span>
     <span class='ocr_line' id='line_1_92' title="bbox 1275 2619 2242 2670; baseline -0.01 -10"><span class='ocrx_word' id='word_1_746' title='bbox 1275 2639 1332 2670; x_wconf 83' lang='lat' dir='ltr'>pro</span> <span class='ocrx_word' id='word_1_747' title='bbox 1347 2638 1364 2659; x_wconf 81' lang='lat' dir='ltr'>c</span> <span class='ocrx_word' id='word_1_748' title='bbox 1381 2627 1509 2661; x_wconf 84' lang='lat' dir='ltr'>solidis,</span> <span class='ocrx_word' id='word_1_749' title='bbox 1526 2625 1700 2656; x_wconf 80' lang='lat' dir='ltr'>Gnidottus</span> <span class='ocrx_word' id='word_1_750' title='bbox 1719 2632 1772 2662; x_wconf 88' lang='lat' dir='ltr'>pro</span> <span class='ocrx_word' id='word_1_751' title='bbox 1791 2631 1807 2652; x_wconf 82' lang='lat' dir='ltr'>c</span> <span class='ocrx_word' id='word_1_752' title='bbox 1830 2621 1957 2655; x_wconf 82' lang='lat' dir='ltr'>solidis,</span> <span class='ocrx_word' id='word_1_753' title='bbox 1987 2621 2048 2650; x_wconf 86' lang='lat' dir='ltr'>Leo</span> <span class='ocrx_word' id='word_1_754' title='bbox 2067 2620 2106 2649; x_wconf 86' lang='lat' dir='ltr'>de</span> <span class='ocrx_word' id='word_1_755' title='bbox 2133 2619 2242 2650; x_wconf 85' lang='lat' dir='ltr'>Laudo</span> 
     </span>
     <span class='ocr_line' id='line_1_93' title="bbox 1276 2672 2242 2722; baseline -0.012 -9"><span class='ocrx_word' id='word_1_756' title='bbox 1276 2691 1332 2722; x_wconf 90' lang='lat' dir='ltr'>pro</span> <span class='ocrx_word' id='word_1_757' title='bbox 1347 2691 1365 2712; x_wconf 84' lang='lat' dir='ltr'>c</span> <span class='ocrx_word' id='word_1_758' title='bbox 1379 2681 1505 2715; x_wconf 84' lang='lat' dir='ltr'>solidis,</span> <span class='ocrx_word' id='word_1_759' title='bbox 1524 2678 1700 2716; x_wconf 75' lang='lat' dir='ltr'>Gregorius</span> <span class='ocrx_word' id='word_1_760' title='bbox 1715 2676 1754 2705; x_wconf 88' lang='lat' dir='ltr'>de</span> <span class='ocrx_word' id='word_1_761' title='bbox 1771 2674 1881 2705; x_wconf 85' lang='lat' dir='ltr'>Laudo</span> <span class='ocrx_word' id='word_1_762' title='bbox 1900 2682 1952 2712; x_wconf 83' lang='lat' dir='ltr'>pro</span> <span class='ocrx_word' id='word_1_763' title='bbox 1966 2682 1983 2702; x_wconf 84' lang='lat' dir='ltr'>c</span> <span class='ocrx_word' id='word_1_764' title='bbox 1998 2672 2111 2702; x_wconf 78' lang='lat' dir='ltr'>solidis</span> <span class='ocrx_word' id='word_1_765' title='bbox 2122 2696 2129 2707; x_wconf 87' lang='lat'>,</span> <span class='ocrx_word' id='word_1_766' title='bbox 2154 2672 2242 2710; x_wconf 76' lang='lat' dir='ltr'>Uge-</span> 
     </span>
     <span class='ocr_line' id='line_1_94' title="bbox 1276 2725 2243 2769; baseline -0.011 -3"><span class='ocrx_word' id='word_1_767' title='bbox 1276 2738 1345 2766; x_wconf 86' lang='lat' dir='ltr'>rius</span> <span class='ocrx_word' id='word_1_768' title='bbox 1361 2735 1399 2764; x_wconf 84' lang='lat' dir='ltr'>de</span> <span class='ocrx_word' id='word_1_769' title='bbox 1415 2732 1581 2763; x_wconf 81' lang='lat' dir='ltr'>Theodora</span> <span class='ocrx_word' id='word_1_770' title='bbox 1599 2738 1652 2769; x_wconf 89' lang='lat' dir='ltr'>pro</span> <span class='ocrx_word' id='word_1_771' title='bbox 1668 2739 1684 2759; x_wconf 86' lang='lat' dir='ltr'>c</span> <span class='ocrx_word' id='word_1_772' title='bbox 1699 2728 1823 2763; x_wconf 79' lang='lat' dir='ltr'>solidis,</span> <span class='ocrx_word' id='word_1_773' title='bbox 1841 2727 2043 2757; x_wconf 76' lang='lat' dir='ltr'>Crescentius</span> <span class='ocrx_word' id='word_1_774' title='bbox 2058 2725 2097 2755; x_wconf 81' lang='lat' dir='ltr'>de</span> <span class='ocrx_word' id='word_1_775' title='bbox 2115 2725 2243 2755; x_wconf 53' lang='lat' dir='ltr'>[lazario</span> 
     </span>
     <span class='ocr_line' id='line_1_95' title="bbox 1279 2777 2243 2828; baseline -0.013 -9"><span class='ocrx_word' id='word_1_776' title='bbox 1279 2798 1333 2828; x_wconf 83' lang='lat' dir='ltr'>pro</span> <span class='ocrx_word' id='word_1_777' title='bbox 1350 2797 1367 2818; x_wconf 84' lang='lat' dir='ltr'>c</span> <span class='ocrx_word' id='word_1_778' title='bbox 1379 2787 1502 2820; x_wconf 83' lang='lat' dir='ltr'>solidis,</span> <span class='ocrx_word' id='word_1_779' title='bbox 1518 2784 1587 2815; x_wconf 86' lang='lat' dir='ltr'>Odo</span> <span class='ocrx_word' id='word_1_780' title='bbox 1603 2783 1641 2812; x_wconf 87' lang='lat' dir='ltr'>de</span> <span class='ocrx_word' id='word_1_781' title='bbox 1656 2781 1765 2812; x_wconf 83' lang='lat' dir='ltr'>Laudo</span> <span class='ocrx_word' id='word_1_782' title='bbox 1786 2788 1839 2818; x_wconf 82' lang='lat' dir='ltr'>pro</span> <span class='ocrx_word' id='word_1_783' title='bbox 1854 2788 1870 2809; x_wconf 88' lang='lat' dir='ltr'>c</span> <span class='ocrx_word' id='word_1_784' title='bbox 1886 2778 2010 2813; x_wconf 86' lang='lat' dir='ltr'>solidis,</span> <span class='ocrx_word' id='word_1_785' title='bbox 2030 2778 2190 2807; x_wconf 78' lang='lat' dir='ltr'>Heni-icus</span> <span class='ocrx_word' id='word_1_786' title='bbox 2203 2777 2243 2807; x_wconf 85' lang='lat' dir='ltr'>de</span> 
     </span>
     <span class='ocr_line' id='line_1_96' title="bbox 1279 2833 2244 2878; baseline -0.016 -6"><span class='ocrx_word' id='word_1_787' title='bbox 1279 2841 1408 2872; x_wconf 81' lang='lat' dir='ltr'>Lazario</span> <span class='ocrx_word' id='word_1_788' title='bbox 1419 2847 1474 2878; x_wconf 85' lang='lat' dir='ltr'>pro</span> <span class='ocrx_word' id='word_1_789' title='bbox 1491 2847 1507 2868; x_wconf 83' lang='lat' dir='ltr'>c</span> <span class='ocrx_word' id='word_1_790' title='bbox 1523 2835 1643 2866; x_wconf 85' lang='lat' dir='ltr'>solidis.</span> <span class='ocrx_word' id='word_1_791' title='bbox 1656 2833 1916 2873; x_wconf 82' lang='lat' dir='ltr'>Co[n]stituimns</span> <span class='ocrx_word' id='word_1_792' title='bbox 1930 2836 2071 2870; x_wconf 83' lang='lat' dir='ltr'>preterea</span> <span class='ocrx_word' id='word_1_793' title='bbox 2083 2834 2116 2859; x_wconf 90' lang='lat' dir='ltr'>ut</span> <span class='ocrx_word' id='word_1_794' title='bbox 2130 2834 2244 2859; x_wconf 84' lang='lat' dir='ltr'>neutra</span> 
     </span>
     <span class='ocr_line' id='line_1_97' title="bbox 1277 2882 2243 2934; baseline -0.011 -11"><span class='ocrx_word' id='word_1_795' title='bbox 1277 2903 1350 2934; x_wconf 83' lang='lat' dir='ltr'>pars</span> <span class='ocrx_word' id='word_1_796' title='bbox 1365 2890 1485 2930; x_wconf 82' lang='lat' dir='ltr'>aliquid</span> <span class='ocrx_word' id='word_1_797' title='bbox 1502 2889 1540 2918; x_wconf 84' lang='lat' dir='ltr'>de</span> <span class='ocrx_word' id='word_1_798' title='bbox 1558 2886 1813 2927; x_wconf 82' lang='lat' dir='ltr'>possessionibus</span> <span class='ocrx_word' id='word_1_799' title='bbox 1833 2884 1978 2921; x_wconf 70' lang='lat' dir='ltr'>eiusdem</span> <span class='ocrx_word' id='word_1_800' title='bbox 1994 2882 2090 2912; x_wconf 84' lang='lat' dir='ltr'>castri</span> <span class='ocrx_word' id='word_1_801' title='bbox 2111 2882 2177 2912; x_wconf 76' lang='lat' dir='ltr'>filie</span> <span class='ocrx_word' id='word_1_802' title='bbox 2194 2882 2243 2912; x_wconf 80' lang='lat' dir='ltr'>vel</span> 
     </span>
     <span class='ocr_line' id='line_1_98' title="bbox 1277 2935 2245 2978; baseline -0.014 -1"><span class='ocrx_word' id='word_1_803' title='bbox 1277 2947 1379 2978; x_wconf 86' lang='lat' dir='ltr'>sorori</span> <span class='ocrx_word' id='word_1_804' title='bbox 1395 2945 1428 2974; x_wconf 92' lang='lat' dir='ltr'>in</span> <span class='ocrx_word' id='word_1_805' title='bbox 1446 2944 1551 2973; x_wconf 83' lang='lat' dir='ltr'>dotem</span> <span class='ocrx_word' id='word_1_806' title='bbox 1565 2939 1718 2971; x_wconf 84' lang='lat' dir='ltr'>concedat</span> <span class='ocrx_word' id='word_1_807' title='bbox 1733 2944 1763 2968; x_wconf 85' lang='lat' dir='ltr'>et</span> <span class='ocrx_word' id='word_1_808' title='bbox 1779 2937 1881 2967; x_wconf 84' lang='lat' dir='ltr'>nichil</span> <span class='ocrx_word' id='word_1_809' title='bbox 1901 2936 2016 2966; x_wconf 84' lang='lat' dir='ltr'>exinde</span> <span class='ocrx_word' id='word_1_810' title='bbox 2030 2935 2161 2965; x_wconf 83' lang='lat' dir='ltr'>cuilibet</span> <span class='ocrx_word' id='word_1_811' title='bbox 2176 2944 2245 2974; x_wconf 87' lang='lat' dir='ltr'>per-</span> 
     </span>
     <span class='ocr_line' id='line_1_99' title="bbox 1279 2987 2245 3031; baseline -0.012 -2"><span class='ocrx_word' id='word_1_812' title='bbox 1279 3007 1356 3030; x_wconf 79' lang='lat' dir='ltr'>sone</span> <span class='ocrx_word' id='word_1_813' title='bbox 1373 2997 1490 3026; x_wconf 81' lang='lat' dir='ltr'>tribuat</span> <span class='ocrx_word' id='word_1_814' title='bbox 1507 2994 1556 3024; x_wconf 78' lang='lat' dir='ltr'>vel</span> <span class='ocrx_word' id='word_1_815' title='bbox 1574 2993 1683 3031; x_wconf 85' lang='lat' dir='ltr'>aliquo</span> <span class='ocrx_word' id='word_1_816' title='bbox 1701 2990 1794 3020; x_wconf 81' lang='lat' dir='ltr'>titulo</span> <span class='ocrx_word' id='word_1_817' title='bbox 1811 2990 1942 3020; x_wconf 86' lang='lat' dir='ltr'>alienet.</span> <span class='ocrx_word' id='word_1_818' title='bbox 1962 2988 2029 3018; x_wconf 89' lang='lat' dir='ltr'>Nos</span> <span class='ocrx_word' id='word_1_819' title='bbox 2048 2997 2121 3018; x_wconf 71' lang='lat' dir='ltr'>veru</span> <span class='ocrx_word' id='word_1_820' title='bbox 2135 2987 2174 3017; x_wconf 86' lang='lat' dir='ltr'>de</span> <span class='ocrx_word' id='word_1_821' title='bbox 2192 2997 2245 3017; x_wconf 88' lang='lat' dir='ltr'>ar-</span> 
     </span>
    </p>
   </div>
   <div class='ocr_carea' id='block_1_7' title="bbox 2072 3053 2103 3079">
    <p class='ocr_par' dir='ltr' id='par_1_10' title="bbox 2072 3053 2103 3079">
     <span class='ocr_line' id='line_1_100' title="bbox 2072 3053 2103 3079; baseline 0.032 -1"><span class='ocrx_word' id='word_1_822' title='bbox 2072 3053 2103 3079; x_wconf 81' lang='lat'>51</span> 
     </span>
    </p>
   </div>
  </div>
 </body>
</html>
