2434 3530
65 869 89 889 10

67 1133 90 1152 15

66 1397 90 1416 20

66 1663 91 1682 25

67 1927 91 1946 30

67 2191 92 2210 3⁵

64 2456 93 2475 40

667 322 716 350 LE
741 321 885 351 LIBER
908 318 1141 350 CENSUUM
1166 319 1219 347 DE
1245 312 1429 351 L'EGLISE
1454 324 1661 354 ROMAINE.
2155 327 2207 357 351

159 384 313 414 Molvium
342 386 400 415 sub
426 394 537 416 annua
565 387 719 424 pensione
749 396 807 416 xxx
836 386 1010 416 solidorum
1042 385 1123 414 auri.

197 436 245 467 30.
273 437 360 467 Idem
381 438 413 467 in
434 439 544 469 eodem
563 440 601 468 ad
621 440 827 469 Valerianum
850 443 880 469 et
900 438 1049 468 Liberum
1070 445 1124 467 no-

160 491 274 520 tarium
292 503 297 519 :
316 491 549 521 Monasterium
570 493 669 522 saneti
688 491 884 529 Archangeli
905 492 936 520 in
955 491 1089 521 Claiano
1102 491 1126 510 ⁴⁸

157 544 241 582 apud
259 544 445 574 Firmanam
461 545 624 575 civitatem
639 546 722 584 juris
738 546 820 575 beati
839 545 922 574 Petri
941 548 997 574 est.

198 596 246 627 31.
269 597 354 626 Idem
373 597 404 626 in
424 598 534 628 eodem
549 599 586 628 ad
603 599 796 628 Numerium
816 598 975 627 notarium
991 596 1126 626 fundum

157 650 331 679 Paternum
357 655 386 679 et
404 650 564 680 Gaianum
590 655 619 680 et
637 651 828 688 Ciprianum
855 654 885 679 et
906 650 1078 678 Paternum
1098 652 1128 677 et.

159 702 374 733 Arbatianum
391 703 510 733 locasse
526 704 704 733 invenitur.

198 755 247 785 32.
271 755 362 785 Idem
387 756 420 784 in
444 756 555 786 eodem
573 755 732 785 Gaudisio
760 755 884 785 notario
907 760 936 784 et
955 754 1128 784 Anatholio

157 809 313 846 magistro
325 808 467 837 militum
478 809 502 829 ⁴⁹
516 808 762 846 Neapolitanam
778 808 939 837 civitatem
956 807 1127 844 regendam

157 861 321 890 commisit
345 870 417 890 cum
444 861 594 891 omnibus
621 861 649 890 ei
676 861 909 899 pertinentibus
937 864 967 889 et
991 859 1129 898 qualiter

158 913 272 943 debeat
288 914 354 951 regi
371 913 500 951 scriptis
516 913 679 943 informat.

199 965 247 996 33.
275 966 364 996 Idem
389 967 421 995 in
446 967 554 996 eodem
577 966 616 996 ad
636 967 850 1005 Epiphanium
873 966 990 1003 legitur
1010 965 1129 995 locasse

158 1027 296 1049 massam
310 1019 483 1049 Sti-acesim
500 1028 574 1049 cum
591 1024 678 1057 prate
696 1028 753 1048 suo
769 1023 800 1049 et
814 1019 966 1048 omnibus
983 1018 1041 1048 sibi
1060 1028 1128 1057 per-

161 1072 342 1102 tinentibus
358 1072 494 1111 positam
513 1072 674 1102 territorio
691 1071 976 1102 Centumcellensi.

197 1124 246 1155 34.
277 1125 339 1155 Sed
364 1129 394 1155 et
417 1125 594 1163 Gregorius
615 1125 727 1164 junior
750 1125 828 1154 item
851 1125 885 1153 in
911 1133 968 1155 suo
995 1124 1130 1162 registro

157 1177 239 1208 locat
253 1178 286 1207 in
306 1187 401 1207 xxx-m
418 1178 513 1207 annis
529 1177 707 1208 Anatholio
727 1178 854 1207 tribuno
873 1177 1009 1207 fundum
1031 1177 1129 1206 Meia-

158 1230 236 1260 nula
259 1239 333 1260 cum
355 1231 436 1260 casis
459 1234 489 1260 et
515 1231 618 1260 vineis
647 1235 676 1260 et
705 1231 855 1261 omnibus
879 1231 946 1260 suis
970 1230 1131 1269 pertinen-

160 1283 225 1320 tiis,
247 1293 283 1313 ex
307 1292 437 1322 corpore
461 1293 564 1314 masse
589 1284 735 1314 Peltiane
763 1284 920 1314 territorio
943 1283 1128 1321 Anagnino,

159 1337 355 1376 patrimonio
374 1337 574 1377 [Lavicano];
599 1338 658 1367 sub
675 1346 783 1367 annua
803 1337 958 1376 pensione
969 1338 994 1357 ⁵⁰
1014 1340 1132 1375 prestat

160 1412 468 1421 ..........
495 1391 632 1429 siliquas
649 1391 731 1420 auri.

199 1443 247 1474 35.
273 1443 363 1473 Idem
382 1444 415 1473 in
435 1444 546 1474 eodem
567 1444 749 1473 Exhilarato
768 1449 798 1473 et
813 1444 974 1474 Gaudioso
996 1443 1078 1473 locat
1098 1446 1131 1472 ut

160 1505 255 1535 supra
266 1496 369 1526 casale
381 1497 528 1527 Pendere
542 1497 710 1535 Agellione
723 1501 752 1527 et
765 1496 868 1526 casale
880 1496 1128 1535 Pompeianum,

159 1549 362 1587 Caleianum,
379 1553 408 1580 et
427 1550 565 1579 fundum
582 1550 724 1580 Fortune
741 1550 858 1588 positos
875 1549 1034 1579 territorio
1050 1549 1130 1578 Foro

159 1603 347 1633 Claudiensi
371 1612 407 1633 ex
431 1611 562 1642 corpore
586 1612 692 1633 masse
715 1603 831 1633 Tuscie
855 1625 1128 1633 .........

159 1657 231 1686 auri
248 1655 378 1686 solidos.

201 1708 250 1739 36.
272 1709 361 1739 Idem
382 1710 415 1738 in
435 1709 546 1739 eodem
564 1709 775 1739 Constantine
792 1709 925 1739 honeste
943 1708 1064 1738 femine
1082 1708 1130 1737 lo—

160 1766 208 1792 cat
225 1766 258 1791 ut
274 1771 369 1800 supra
387 1762 522 1792 fundum
539 1762 707 1791 Saliarium
724 1771 797 1792 eum
813 1762 966 1792 omnibus
980 1761 1048 1791 suis
1064 1770 1129 1799 per·

161 1815 315 1851 tinentiis,
329 1815 425 1844 sitnm
445 1815 604 1845 territorio
620 1814 774 1845 Cesenate
790 1815 829 1844 ad
849 1819 991 1844 montem
1008 1814 1064 1852 qui
1080 1814 1129 1843 di-

160 1868 242 1897 citur
258 1867 414 1903 Lucati⁵¹‚
432 1867 471 1897 ab
489 1876 552 1897 uno
567 1867 665 1897 latere
683 1867 779 1897 situm
795 1868 885 1905 juxta
902 1867 1041 1897 [undum
1053 1867 1131 1897 Car-

160 1920 347 1957 basianum,
366 1920 404 1950 ab
427 1920 491 1950 alio
515 1920 652 1949 fundum
674 1921 858 1956 Anianum,
875 1930 892 1949 a
917 1920 1009 1950 tertio
1032 1919 1131 1949 latere

161 1973 298 2003 fundum
323 1973 378 2012 qui
402 1973 519 2003 dicitur
541 1973 707 2008 Gumaris,
729 1983 764 2002 ex
790 1981 920 2011 corpore
944 1973 1130 2011 patrimonii

161 2026 358 2056 Ravennatis
375 2027 458 2065 juris
479 2026 624 2056 Romane
643 2025 788 2056 ecclesie.
816 2027 937 2055 Prestat
960 2026 1129 2055 annuatim

164 2103 169 2108 .
197 2103 202 2108 .
228 2103 234 2108 .
262 2102 270 2110 .
297 2104 302 2110 .
331 2103 336 2108 .
360 2079 430 2109 auri
449 2078 576 2108 solidos.

200 2131 249 2162 37.
276 2132 365 2162 Idem
389 2133 423 2162 in
448 2133 558 2162 eodem
581 2132 738 2170 Lupicino
765 2132 940 2170 presbitero
960 2141 980 2161 11
1000 2140 1128 2161 monas-

162 2185 240 2215 teria
253 2187 289 2222 ⁵²,
307 2185 429 2215 scilicet
447 2186 548 2215 sancti
569 2185 686 2215 Leonis
709 2185 899 2215 confessoris
921 2190 950 2215 et
970 2184 1130 2223 pontificis

161 2242 191 2268 et
215 2238 316 2268 sancti
338 2238 485 2268 Severini
512 2238 570 2267 sita
594 2238 679 2267 intra
699 2242 841 2267 castrum
863 2238 981 2268 Montis
1002 2237 1130 2267 Feretro

160 2300 234 2321 cum
250 2291 402 2321 omnibus
418 2299 530 2320 eorum
547 2291 762 2329 pertiuentiis.

200 2342 247 2373 38.
274 2343 364 2373 Idem
384 2343 418 2373 in
442 2343 552 2374 eodem
574 2343 657 2374 locat
676 2342 800 2373 Blando
821 2348 856 2373 ut
874 2352 970 2382 supra
990 2353 1130 2373 massam

159 2396 333 2427 Juniorum
346 2398 371 2417 ⁵³
386 2397 580 2435 patrimonio
596 2397 757 2427 Lavicano
774 2397 834 2426 sub
849 2405 960 2427 annua
977 2397 1130 2436 pensione

163 2471 370 2480 .......
394 2449 467 2480 auri
486 2449 614 2480 solidos.

200 2501 249 2532 39.
275 2502 366 2532 Idem
392 2503 426 2532 in
455 2503 567 2532 eodem
593 2502 766 2533 Eustachio
791 2502 966 2541 presbitero
990 2503 1130 2532 fundum

159 2554 240 2585 Casa
257 2555 389 2584 Cantari
411 2559 441 2585 et
462 2555 599 2585 fundum
619 2555 787 2585 Vivarium
814 2564 849 2585 ex
875 2564 1003 2594 corpore
1026 2564 1131 2585 masse

152 2766 166 2786 ε
183 2760 325 2784 Gaudioso
341 2760 390 2783 DV
405 2774 434 2778 -
453 2764 477 2785 to
494 2760 640 2784 committit
655 2760 705 2784 DV

153 2809 179 2830 18
195 2804 375 2828 Sitracensim
390 2805 410 2828 B
427 2817 455 2821 —
474 2809 498 2830 14
513 2805 607 2833 <in>
621 2807 685 2828 terr.
701 2805 747 2828 BD

155 2854 178 2874 19
195 2848 333 2872 Lavieano
349 2856 404 2872 om.
422 2848 468 2873 AG

152 2897 182 2918 24
197 2892 346 2917 Claudeusi
363 2895 386 2917 A
403 2906 431 2910 —
447 2893 547 2917 Tuscie
562 2894 646 2922 <sub
662 2893 829 2923 pensione>
846 2892 944 2916 ABDV

149 2942 182 2962 28
197 2936 326 2961 Casinate
344 2937 393 2961 DV
408 2950 437 2955 —
452 2942 481 2963 29
497 2937 612 2961 fundum
628 2944 684 2962 om.
702 2937 722 2960 Β
739 2950 767 2954 -
783 2942 812 2962 30
828 2938 861 2960 ab
878 2943 932 2960 om.
952 2936 971 2960 B

151 2985 183 3006 34
197 2982 366 3005 monasterio
382 2982 404 3006 A
419 2995 449 2999 —
465 2987 494 3007 35
509 2982 615 3005 scilicet
630 2988 686 3005 om.
703 2981 724 3004 B
739 2994 768 2998 —
785 2985 814 3006 36
830 2983 922 3004 monte
938 2980 1037 3004 ABDV

1212 2624 1348 2648 tantem>
1364 2625 1413 2648 DV
1429 2638 1458 2642 —
1473 2625 1653 2655 sub-solidos]

1212 2669 1292 2692 sitam
1309 2669 1408 2692 ABDV

1251 385 1370 415 Silanis
1395 393 1424 417 et
1446 398 1496 418 sex
1523 390 1632 419 uncias
1656 391 1747 420 fundi
1770 391 1910 422 Laui-etis
1929 402 2000 422 cum
2020 394 2134 423 oliveto
2153 402 2211 423 suo

1250 447 1285 467 ex
1314 448 1441 477 corpore
1470 443 1641 480 presvripte
1673 452 1790 479 masse,
1820 450 1994 482 prestantes
2022 446 2211 484 pensionem

1254 515 1258 519 .
1286 515 1290 521 .
1320 517 1324 520 .
1352 515 1357 520 .
1386 516 1391 521 .
1419 517 1424 522 .
1449 494 1520 522 auri
1539 495 1672 532 solidos3
1693 497 1746 525 sed
1764 502 1792 526 et
1810 498 1943 527 fundum
1963 499 2158 529 Mai-uanum
2175 509 2210 529 ex

1250 553 1378 582 corpore
1396 555 1497 575 masse
1514 547 1676 577 Gallorum
1696 550 1887 586 patrimonio
1903 551 2061 581 thvicztno
2077 552 2135 581 sub
2152 561 2210 581 :in-

1252 606 1314 626 nua
1340 599 1492 635 pensione
1518 623 1687 630 ......
1713 602 1782 630 auri
1809 603 1925 632 solidos
1953 605 1983 633 in
2014 605 2112 634 fundo
2135 605 2211 635 Offi-

1251 649 1336 679 liano
1355 661 1427 680 cum
1448 657 1536 690 prato
1556 658 1583 682 et
1603 654 1730 684 saliceto
1747 664 1804 685 suo
1821 662 2014 694 prestantem
2040 681 2210 688 ......

1251 703 1319 731 auri
1337 703 1481 742 siliquas,
1497 715 1531 734 ex
1550 714 1679 744 corpore
1696 717 1797 737 mass«,¹
1812 710 1834 728 ⁵⁴
1854 709 2008 745 Neviane,
2025 711 2213 748 patrimonio

1252 755 1364 793 Appie.

1292 808 1339 836 40.
1366 809 1453 838 Idem
1480 811 1511 838 in
1535 812 1644 840 eodem
1664 813 1760 842 Leoni
1781 815 1904 843 notario
1928 820 1957 844 et
1974 816 2104 845 Leontie
2121 816 2215 854 juga-

1252 859 1335 889 libus
1355 870 1529 900 eorumque
1551 863 1627 893 filiis
1647 874 1682 894 ac
1702 867 1869 904 nepotibus
1889 868 2023 897 fundum
2046 869 2215 906 llipacesa-

1253 913 1338 942 rium
1370 924 1441 943 cum
1471 915 1559 945 silvis
1588 916 1783 953 glantlaretis
1812 921 1839 947 el
1869 920 1959 949 terris
1988 921 2213 957 sationalibus,

1253 966 1349 995 situm
1377 968 1427 995 vizi
1453 969 1599 1004 Aurelia,
1625 970 1764 1000 miliario
1789 972 1859 1010 plus
1884 973 1993 1002 minus
2016 974 2154 1009 decime,
2180 984 2216 1004 ex

1252 1027 1381 1056 corpore
1401 1021 1578 1050 suburbani
1598 1024 1781 1060 patrimonii
1799 1025 1923 1054 Tuscie.
1952 1026 2073 1055 Prestat
2091 1036 2215 1056 annua-

1255 1072 1309 1100 tim
1336 1095 1341 1101 .
1369 1096 1374 1100 .
1400 1095 1406 1101 .
1435 1097 1440 1102 .
1469 1097 1473 1102 .
1501 1098 1507 1104 .
1533 1075 1605 1103 auri
1625 1075 1769 1114 siliquas.

1294 1125 1341 1154 41.
1368 1125 1456 1155 Idem
1481 1127 1514 1155 in
1541 1128 1652 1157 eodem
1669 1129 1839 1164 'Bonifatio
1866 1132 1988 1161 notario
2012 1142 2065 1162 seu
2085 1132 2217 1162 Claudie

1250 1177 1415 1215 jugalibus
1432 1188 1607 1219 eorumque
1625 1181 1701 1210 filiis
1717 1191 1752 1211 ac
1769 1184 1935 1221 nepotibus
1954 1185 2087 1214 fundum
2105 1186 2218 1215 Cocce-

1254 1229 1364 1259 lanum
1390 1236 1419 1261 et
1444 1232 1628 1262 Follianum
1657 1243 1692 1263 ex
1723 1243 1850 1273 corpore
1876 1245 1978 1265 masse
2007 1237 2178 1267 Fonteiane
2194 1240 2218 1258 ⁵⁵

1253 1284 1445 1320 patrimonio
1474 1286 1585 1324 Appie.
1620 1286 1765 1316 Presttuit
1795 1296 1904 1318 annue
1933 1312 1939 1317 .
1978 1312 1982 1317 .
2020 1313 2025 1318 .
2063 1314 2068 1318 .
2105 1314 2111 1320 .
2147 1291 2217 1319 auri

1254 1335 1383 1366 solides.

1293 1389 1341 1418 42.
1362 1390 1452 1419 Idem
1472 1392 1504 1420 in
1523 1392 1632 1421 eodem
1650 1392 1770 1422 eisdem
1788 1393 1923 1423 fundum
1942 1394 2169 1424 Gratinianum
2190 1400 2220 1424 et

1253 1442 1390 1472 fundum
1404 1444 1575 1473 Bosarium
1590 1455 1663 1474 cum
1681 1445 1828 1475 domibus
1846 1451 1874 1475 et
1890 1447 2004 1478 vineis.
2016 1448 2072 1476 sita
2087 1449 2125 1477 ab
2142 1449 2218 1477 urbe

1255 1495 1395 1525 miliario
1416 1496 1486 1534 plus
1510 1498 1619 1527 miuus
1643 1499 1793 1536 septimo,
1814 1499 2000 1529 coherentes
2019 1501 2078 1529 sibi
2097 1501 2136 1530 ab
2155 1510 2218 1530 uno

1254 1546 1351 1576 latere
1368 1548 1468 1578 fundo
1486 1548 1658 1586 Canneolo,
1677 1551 1716 1579 ab
1732 1551 1795 1580 alio
1811 1551 1912 1581 casale
1930 1552 2114 1588 Miliariolo‚
2129 1562 2146 1581 a
2163 1556 2219 1582 tei·-

1257 1599 1300 1629 tio
1323 1600 1424 1629 casale
1446 1601 1606 1637 Faustini,
1625 1612 1641 1631 a
1665 1608 1776 1641 quarte
1798 1604 2055 1642 Faustini‚juris
2078 1605 2220 1634 Romane

1254 1653 1402 1690 ecclesie,
1437 1664 1470 1684 ex
1506 1664 1634 1693 corpere
1670 1657 1855 1695 patrimonii
1886 1658 2058 1687 sul.·t.1·bani
2092 1659 2217 1688 Tuscie.

1257 1706 1381 1736 Prestat
1400 1716 1508 1737 annue
1535 1732 1705 1738 ......
1730 1710 1803 1739 auri
1821 1710 1947 1740 solidos.

1294 1759 1341 1789 43.
1368 1760 1445 1789 item
1467 1761 1499 1789 in
1517 1761 1627 1791 eodem
1646 1762 1812 1792 Gennadio
1832 1763 1960 1793 tribuno
1977 1768 2005 1793 et
2024 1765 2118 1794 Lucie
2135 1770 2164 1794 et
2180 1774 2217 1794 ex

1254 1821 1362 1841 eorum
1390 1813 1589 1851 amplexibus
1609 1814 1686 1844 filiis
1707 1824 1742 1845 ac
1762 1816 1931 1853 nepotibus
1951 1817 2085 1846 fundum
2099 1820 2123 1837 ⁵⁶
2141 1818 2218 1847 Por-

1253 1866 1383 1894 cianum
1407 1869 1436 1894 et
1459 1866 1658 1896 Leonianum
1680 1873 1708 1897 et
1729 1868 1864 1898 fundum
1884 1868 2057 1899 Grecorum
2080 1875 2108 1899 et
2124 1870 2217 1900 Tuti-

1253 1917 1400 1953 cinnum,
1431 1919 1480 1947 via
1511 1919 1637 1956 Clodia,
1669 1920 1809 1950 miliario
1839 1921 1909 1959 plus
1935 1923 2042 1952 minus
2067 1933 2150 1961 vnn,
2181 1933 2215 1953 ex

1252 1979 1381 2008 corpore
1405 1973 1592 2009 patrimonii
1615 1973 1740 2002 Tuscie.
1770 1974 1889 2003 prestat
1913 1984 2019 2005 annue
2045 1999 2216 2006 ......

1252 2024 1323 2052 auri
1342 2024 1470 2054 solidos.

1293 2077 1341 2106 44.
1367 2078 1456 2107 Idem
1476 2079 1508 2107 in
1528 2079 1639 2108 eodem
1659 2078 1807 2109 Studiose
1828 2080 1954 2110 tribune
1975 2091 2032 2111 seu
2051 2082 2142 2112 Petro
2163 2084 2217 2121 ju-

1253 2129 1381 2167 galibus
1400 2131 1609 2169 ejusdemque
1629 2132 1713 2161 Petri
1733 2132 1807 2162 filiis
1829 2137 1857 2162 et
1881 2135 2063 2172 nepotibus,
2083 2136 2218 2165 fundum

1256 2183 1414 2219 Serrulas,
1431 2183 1567 2213 fundum
1584 2184 1803 2223 Sisiuiuuum,
1819 2196 1853 2215 ex
1872 2195 2001 2225 corpore
2017 2197 2119 2217 masse
2136 2188 2217 2218 Sila-

1254 2236 1305 2265 nis
1319 2238 1341 2256 ⁵⁷
1364 2237 1558 2275 patrimonio
1579 2238 1750 2268 Lavicano.
1776 2239 1923 2268 Prestant
1944 2249 2052 2270 annue
2078 2265 2216 2271 .....

1356 2313 1360 2318 .
1385 2290 1457 2319 auri
1476 2289 1606 2320 solidos.

1294 2343 1341 2372 45.
1366 2343 1456 2372 Idem
1480 2343 1514 2372 in
1537 2343 1646 2373 eodem
1667 2345 1762 2374 Anne
1786 2345 1931 2382 religiose
1953 2351 1983 2375 et
2002 2346 2074 2376 aliis
2096 2347 2219 2377 duabus

1254 2395 1398 2434 personis
1426 2396 1561 2426 fundum
1592 2398 1727 2434 Argenti
1757 2397 1966 2433 Vei-clauum,
1996 2399 2215 2437 Lugerunum,

1243 2586 1257 2605 2
1268 2580 1391 2610 predicte
1406 2581 1450 2604 BD
1464 2594 1491 2597 —
1503 2586 1517 2606 3
1531 2584 1620 2605 etom.
1632 2581 1652 2605 B
1663 2595 1691 2598 —
1701 2582 1866 2605 Marcianum
1879 2582 1990 2605 ADv—
2003 2587 2017 2607 Ι.
2030 2582 2095 2606 Lav.
2106 2588 2217 2614 <pres—

1831 2627 1889 2649 auri
1906 2627 2020 2657 siliquas
2037 2630 2062 2650 et
2081 2628 2216 2651 coloniam

1245 2719 1268 2738 ts
1285 2720 1338 2743 que
1354 2720 1409 2736 om.
1425 2713 1472 2736 AD
1489 2715 1583 2742 suppl.
1600 2713 1626 2736 d.
1643 2727 1672 2730 —
1686 2713 1870 2737 Cocceianum
1884 2715 1956 2739 BDV
1970 2714 2170 2744 (Cocceianum
2186 2716 2216 2746 B)

1211 2770 1240 2774 —-
1261 2762 1283 2782 17
1300 2760 1327 2780 et
1342 2757 1495 2780 Follianum
1511 2764 1567 2781 om.
1583 2758 1606 2780 A
1621 2771 1648 2774 —
1664 2757 1808 2781 Folianum
1824 2758 1846 2782 D

1241 2806 1271 2826 22
1287 2804 1415 2825 coerente
1432 2801 1463 2829 D¹
1480 2802 1628 2825 coherente
1642 2802 1665 2825 V
1678 2815 1707 2820 —
1723 2807 1752 2827 24
1767 2810 1781 2825 a
1797 2807 1895 2833 quarto
1912 2803 2035 2827 Faustini
2051 2811 2107 2829 om.
2124 2804 2145 2828 D
2160 2818 2188 2822 —
2202 2813 2217 2828 a

1210 2848 1308 2875 quarto
1326 2845 1478 2872 <fund0>
1494 2845 1568 2869 ABV

1241 2894 1270 2914 27
1287 2896 1320 2912 ex
1338 2897 1392 2913 ein.
1411 2889 1430 2912 B
1448 2903 1476 2906 —
1492 2895 1521 2915 28
1538 2891 1665 2920 amplexu
1682 2890 1730 2914 Dv
1745 2904 1772 2908 -
1789 2896 1817 2915 29
1834 2891 1980 2915 Tutianum
1997 2894 2029 2921 A,
2045 2893 2216 2916 Tutitianum

1211 2933 1260 2956 DV
1276 2946 1305 2950 —
1321 2938 1344 2958 31
1365 2933 1471 2957 Prestat
1487 2941 1578 2957 annue
1595 2941 1651 2957 om.
1669 2934 1689 2958 D

1240 2982 1270 3003 33
1287 2977 1418 3001 Stodiose
1435 2978 1456 3001 D

2274 882 2295 898 10

2274 1406 2297 1423 20

2273 1933 2296 1951 33

2274 2198 2298 2217 25
