2434 3530
195 340 254 369 29ss

237 404 395 434 abluendo
426 403 574 432 tredecim
606 400 799 439 pauperibus
828 400 922 437 pedes
952 404 982 428 et
1006 397 1197 435 extergendo

237 456 353 486 deinde
367 461 397 485 et
420 455 620 493 postmodum
640 452 846 483 obsculando.
870 452 918 481 lbi
941 451 1036 480 etiam
1052 459 1196 480 camera-

237 510 304 538 rius
323 512 368 537 est
381 513 519 546 paratus,
534 506 590 544 qui
607 507 724 535 domno
740 514 817 543 pape
836 504 969 543 porrigit
982 503 1197 532 marabotinos

240 561 400 598 singulos,
423 559 614 598 pauperibus
639 557 776 595 singulis
801 557 971 594 erogando.
1001 556 1069 586 Hoc
1099 555 1194 591 facto,

242 614 379 643 domnus
406 622 484 650 papa
513 612 564 640 dat
588 611 706 640 eisdem
733 610 924 648 pauperibus
946 618 1046 638 manu
1069 608 1196 646 propria

241 667 280 696 ad
299 665 482 704 potandum.
510 664 566 693 His
588 664 631 693 ita
656 663 832 701 completis,
854 662 990 700 quisque
1012 661 1140 690 festinat
1158 661 1197 689 ad

240 719 364 757 propria
382 726 538 753 remeare,
561 722 591 746 et
614 717 751 745 domnus
774 724 854 754 papa
878 714 1064 744 cubiculum
1086 715 1195 743 intrat.

242 771 415 802 Sciendum
445 774 551 799 tamen
575 769 658 807 quod
681 768 792 804 toalea,
814 768 852 797 de
872 776 934 805 qua
958 767 1096 796 domnus
1119 775 1198 805 papa

239 825 314 854 dum
332 823 434 853 abluit
452 823 546 861 pedes
564 821 833 851 subdiaconorum
856 821 889 849 in
913 820 1045 849 basilica
1062 823 1109 848 est
1124 828 1197 848 suc-

237 877 380 911 cinctus,
398 876 523 905 diaconi
539 875 710 904 cardinalis
727 874 842 912 estqui
860 874 887 902 ei
905 873 1020 907 servit;
1044 873 1108 902 alia
1125 881 1199 902 vero

241 929 352 964 toalea,
371 938 441 958 cum
460 938 520 967 qua
535 927 687 965 abstergit
702 927 797 966 pedes
815 926 1094 962 subdiaconorum,
1112 925 1199 954 cubi-

233 982 428 1013 culariorum
445 990 568 1011 camere
582 986 639 1010 est.

228 1088 349 1128 [X111.]
371 1089 448 1123 Quid
467 1088 595 1117 domnus
612 1096 691 1124 papa
712 1087 810 1123 facere
829 1087 926 1115 debeat
943 1087 1019 1122 seria
1039 1091 1121 1114 sexta
1140 1087 1171 1114 iit

613 1141 785 1170 parasceve.

277 1249 348 1286 [28].
377 1248 468 1277 Feria
491 1252 577 1277 sexta
600 1247 633 1275 in
657 1247 845 1281 parasceve,
869 1245 900 1274 in
930 1254 1043 1274 aurora
1063 1245 1200 1274 domnus

237 1311 318 1340 papa
347 1301 419 1330 facit
446 1309 558 1329 omnes
591 1298 791 1337 cappellanos
816 1307 920 1327 corani
956 1307 1013 1326 sua
1041 1297 1200 1335 presentia

237 1354 374 1388 evocari,
395 1358 425 1382 et
442 1361 515 1382 voce
532 1351 686 1381 mediocri
702 1355 806 1380 cantat
824 1350 1024 1388 psalterium;
1046 1358 1107 1388 qno
1127 1359 1200 1379 can-

237 1412 317 1442 tato,
337 1410 540 1435 revertuntur
561 1404 729 1443 capellani.
754 1403 847 1433 Sexta
869 1412 943 1433 vero
965 1404 1041 1432 liora
1062 1403 1199 1432 doninus

235 1469 316 1498 papa
327 1468 398 1488 cum
414 1458 565 1487 omnibus
578 1457 796 1486 cardinalibus
811 1457 908 1485 intrat
920 1456 1083 1485 basilicam
1099 1456 1198 1485 sancti

238 1512 418 1548 Laurentii,
442 1516 472 1540 et
491 1511 568 1539 sacta
588 1510 747 1545 oratione,
767 1510 811 1538 ibi
830 1510 951 1538 accedit
971 1509 1008 1538 ad
1031 1509 1147 1545 altare;
1170 1515 1200 1539 et

238 1569 346 1603 aperto
361 1564 453 1593 altari
471 1563 607 1592 extrahit
623 1563 698 1591 inde
714 1563 817 1600 capita
834 1562 1047 1600 apostolorum
1069 1562 1153 1591 l‘etri
1170 1567 1200 1591 et

238 1617 331 1647 Pauli
354 1621 384 1646 et
406 1617 485 1646 duas
509 1626 628 1645 cruces.
654 1616 721 1651 Que
741 1616 849 1645 omnia
871 1619 1035 1654 postquam
1061 1616 1199 1645 domnus

236 1679 317 1709 papa
333 1679 404 1699 cum
425 1669 644 1698 cardinalibus
662 1668 843 1698 obsculatus
861 1669 969 1702 suerit,
997 1669 1120 1706 reponit
1138 1669 1198 1698 ibi-

236 1723 328 1758 dem,
355 1726 482 1760 excepta
506 1731 570 1751 una
595 1730 703 1756 cruce3
728 1726 758 1750 et
782 1721 899 1750 iterum
926 1721 1063 1758 sigillato
1088 1722 1196 1759 altari,

236 1784 319 1805 uuus
343 1775 600 1813 presbyterorum
623 1773 836 1803 cardinalium
861 1782 987 1803 crucem
1013 1775 1144 1812 accipit,
1170 1782 1200 1804 et

234 1829 280 1858 sic
305 1828 425 1856 vadunt
453 1836 552 1865 usque
578 1826 617 1855 ad
644 1826 811 1855 ecclesiam
841 1827 1103 1863 Lateranensem,
1127 1827 1200 1857 sine

233 1885 329 1910 cautu
348 1879 455 1918 aliquo
469 1885 498 1909 et
517 1879 658 1918 psalmis,
676 1879 820 1917 factaque
835 1879 879 1908 ibi
896 1880 1040 1909 oratione
1057 1881 1201 1909 ascendit

234 1933 418 1963 cathedram
439 1938 506 1970 post
525 1932 634 1961 altare.
648 1932 739 1961 Tunc
751 1933 889 1961 domnus
904 1942 981 1971 papa
998 1933 1106 1962 induit
1120 1943 1199 1971 qua-

236 1986 460 2023 dragesimalia
479 1985 670 2014 indumenta
693 1991 723 2014 et
738 1985 939 2015 excalciatur.
965 1986 1107 2024 Episcopi
1128 1995 1200 2016 vero

236 2040 377 2068 induunt
391 2038 553 2076 pluvialia,
569 2038 746 2076 presbyteri
763 2042 869 2067 autem
887 2039 1067 2068 cardinales
1084 2044 1113 2068 et
1128 2041 1199 2069 dia-

237 2092 308 2122 coni
338 2096 433 2130 atque
462 2091 649 2121 subdiaconi
674 2091 815 2121 induunt
841 2091 995 2129 planetas.
1022 2093 1058 2121 Et
1082 2093 1200 2124 deinde

233 2144 359 2183 juniori
373 2145 556 2182 presbytero
569 2143 725 2173 cardinali
739 2149 865 2183 accepto
882 2154 1012 2183 corpore
1028 2145 1147 2176 Christi
1164 2147 1198 2176 in

233 2197 370 2236 capsella
383 2202 455 2226 ante
468 2201 576 2235 pectus
588 2206 682 2226 suum
696 2202 822 2226 esterna
838 2197 890 2226 die
907 2205 1077 2235 reservato,
1096 2205 1124 2229 et
1137 2200 1201 2230 alio

236 2250 376 2289 predicta
389 2259 482 2279 cruce
490 2250 677 2288 accipiente,
690 2250 923 2280 etsubdiacono
936 2252 1115 2289 regionario
1126 2262 1199 2283 cum

235 2303 340 2342 papali
353 2312 444 2332 cruce
456 2304 656 2341 precedente,
671 2311 782 2333 omnes
795 2303 982 2341 discalciati,
996 2313 1067 2334 cum
1081 2306 1200 2336 domno

234 2366 314 2394 papa
338 2361 368 2385 et
389 2356 588 2394 primicerio,
615 2356 686 2385 sine
708 2360 801 2385 cantu
827 2357 990 2394 psallendo
1015 2358 1198 2397 psalterium

238 2415 377 2447 pergunt
392 2409 430 2437 ad
447 2413 589 2438 sanctam
606 2408 753 2438 Crucem.
773 2409 945 2448 Episcopus
962 2419 1036 2440 vero
1054 2412 1200 2448 epdoma-

235 2461 345 2490 darius
368 2466 512 2490 remanet
528 2461 566 2489 ad
584 2461 764 2490 faciendum
783 2462 922 2490 officium
941 2462 972 2491 iu
991 2463 1121 2492 basilica
1139 2464 1199 2493 La-

235 2514 408 2544 teraneusi.
434 2514 579 2543 Pontifex
604 2519 710 2543 autern
730 2522 802 2543 cum
826 2514 864 2543 ad
889 2515 1052 2544 ecclesiam
1078 2518 1201 2546 venerit

238 2571 269 2596 et
292 2567 458 2596 ecclesiam
483 2567 586 2605 ipsam
610 2566 679 2596 sine
701 2571 798 2596 cantu
824 2567 991 2597 intraverit
1021 2572 1050 2597 et
1077 2569 1199 2599 diutius

235 2628 341 2650 coram
368 2619 518 2648 crucibus
543 2619 700 2656 oraverit,
727 2620 824 2648 intrat
850 2630 922 2649 cum
953 2622 1102 2650 omnibus
1127 2622 1199 2651 aliis

236 2671 429 2708 claustrum,
447 2676 477 2700 et
498 2672 582 2700 vadit
602 2672 641 2700 ad
661 2672 887 2709 secretarinm;
910 2677 940 2702 et
959 2679 1052 2702 exuta
1075 2674 1200 2713 planeta

235 2732 308 2753 cum
326 2724 439 2762 palleo,
457 2724 624 2763 mapularii
650 2724 803 2754 habentes
823 2734 938 2763 aquam
959 2727 1093 2755 calidam
1112 2737 1197 2765 para-

237 2780 300 2806 tam
319 2777 455 2805 abluunt
474 2777 568 2814 pedes
588 2777 688 2815 ipsius
707 2787 713 2813 3
735 2782 765 2806 et
781 2786 816 2807 eo
833 2778 962 2808 sedente
979 2779 1011 2807 in
1030 2780 1118 2815 sede,
1138 2781 1198 2809 nii-

236 2829 327 2858 nistii
348 2829 483 2858 calciant
499 2839 571 2858 euin
588 2854 593 2866 ,
610 2839 673 2859 nou
693 2830 837 2859 sandalia
854 2832 906 2860 sed
930 2833 1116 2870 quotidiana
1135 2833 1198 2862 cal—

235 2882 411 2917 ciamenta,
436 2887 464 2910 et
489 2882 629 2911 induunt
648 2883 806 2921 planetam
825 2889 854 2913 et
875 2884 1029 2922 palicium
1052 2890 1080 2914 et
1098 2886 1143 2915 sic
1160 2887 1199 2916 ad

234 2934 333 2963 altare
349 2944 420 2963 cuin
441 2936 641 2973 processione
655 2936 786 2972 accedit,
804 2943 956 2974 preeunte
972 2948 1044 2967 eum
1062 2947 1155 2968 cruce
1170 2945 1200 2969 et

236 2986 421 3023 evangelio,
439 2988 508 3016 sine
531 2987 748 3018 luminaribus
769 2994 798 3018 et
816 2990 947 3019 incenso
967 2999 1039 3020 cum
1059 2992 1196 3022 silentio.

742 336 792 364 LE
816 334 958 363 LIBER
983 332 1216 362 CENSUUM
1240 332 1294 361 DE
1320 322 1504 361 L‘E'GLISE
1529 330 1738 360 ROMAINE.

1361 397 1435 434 [29].
1455 397 1517 426 Sed
1538 397 1714 426 notandum
1730 398 1814 436 quod
1831 398 1969 427 domnus
1981 407 2061 436 papa
2077 406 2150 427 cnm
2164 405 2288 436 proces-

1321 450 1410 479 sione
1429 458 1491 479 non
1511 450 1604 479 debet
1622 451 1668 479 ire
1686 450 1725 479 ad
1746 450 1845 480 altare
1861 454 1935 479 ante
1950 459 2059 480 cruces
2074 459 2161 480 more
2176 449 2286 485 solito,

1320 503 1374 532 sed
1388 508 1444 541 per
1458 503 1542 532 viam
1559 512 1621 541 que
1634 506 1680 532 est
1696 503 1728 532 in
1745 503 1846 541 capite
1862 502 1963 539 chori,
1974 504 2064 541 juxta
2080 503 2197 540 gradus
2212 502 2286 532 alta-

1320 556 1376 584 ris.
1395 556 1486 585 Unus
1503 560 1608 585 autem
1626 556 1664 585 de
1681 555 1840 585 ministris
1855 556 1987 594 apponit
2003 565 2100 585 unam
2118 556 2288 585 sindonem

1321 612 1445 638 tautum
1469 617 1564 646 super
1584 608 1683 638 altare
1703 608 1876 644 nudatum,
1895 613 1925 638 et
1941 608 2082 638 osculato
2105 608 2214 643 altari,
2232 607 2290 637 do-

1320 670 1417 690 mnus
1435 670 1514 699 papa
1532 661 1679 691 ascendit
1696 661 1822 697 sedem;
1848 666 1878 690 et
1904 661 2011 690 statim
2033 661 2221 691 subdiaconi
2237 670 2289 690 as-

1319 714 1491 744 cendentes
1507 713 1677 752 pulpitum,
1694 713 1806 752 legunt
1821 723 1908 744 more
1924 714 2070 744 lectionis
2088 713 2288 752 prophetiam

1321 767 1393 796 sine
1410 766 1519 803 titulo,
1540 770 1570 796 et
1593 771 1696 796 cetera
1714 767 1795 796 sicut
1809 767 1842 796 in
1859 767 1972 797 ordine
1989 767 2172 796 continetur
2195 766 2289 796 fiunt.

1321 819 1529 849 Postmodum
1547 819 1699 849 diaconus
1719 819 1904 855 cardinalis,
1921 820 2001 849 facta
2018 819 2209 855 reverentia,
2224 827 2290 848 non

1321 871 1473 902 osculatis
1498 871 1647 910 pedibus,
1671 872 1816 901 ascendit
1842 872 2000 911 pulpitum
2028 872 2168 907 nudum,
2194 875 2224 901 et
2244 871 2291 901 ibi

1321 925 1392 954 sine
1415 924 1528 954 faculis
1546 929 1576 954 et
1593 925 1725 954 incenso
1750 925 1864 964 incipit
1887 926 2067 963 passionem
2088 925 2146 954 hoc
2169 924 2288 954 modo:

1320 979 1423 1007 Passio
1442 978 1562 1006 Domini
1577 978 1676 1006 nostri
1691 982 1749 1006 etc.
1767 977 1848 1007 Cum
1864 981 1970 1007 autem
1994 978 2117 1007 venerit
2135 977 2292 1006 diaconus

1321 1030 1360 1059 ad
1385 1030 1488 1060 locum
1516 1030 1569 1059 ubi
1594 1030 1712 1059 dicitnr
1732 1029 1801 1059 Post
1823 1031 1874 1060 hec
1896 1036 1997 1059 autem
2018 1031 2138 1068 rogavit
2156 1030 2291 1059 Pilatum

1321 1084 1427 1121 Joseplz
1451 1087 1523 1119 etc.,
1545 1082 1651 1112 acoliti
1675 1087 1898 1121 representant
1920 1092 1955 1112 ex
1982 1091 2069 1112 more
2094 1081 2291 1112 turribulum

1322 1145 1396 1166 cum
1422 1136 1572 1172 incenso,
1599 1139 1628 1165 et
1656 1140 1782 1174 portant
1809 1135 1848 1165 ad
1878 1135 2083 1173 evangelium
2098 1148 2105 1171 ;
2135 1134 2293 1173 finitoque

1323 1188 1504 1226 evangelio,
1523 1188 1739 1218 subdiaconus
1761 1193 1958 1227 representat
1970 1188 2088 1218 domno
2105 1196 2183 1226 pape
2197 1196 2292 1218 evan-

1322 1242 1444 1280 gelium
1461 1242 1500 1272 ad
1516 1242 1740 1272 osculandum.
1759 1242 1829 1278 Quo
1847 1242 1939 1278 facto,
1955 1241 2095 1272 domnus
2115 1250 2193 1279 papa
2214 1240 2294 1270 dicit

1321 1296 1493 1326 orationes.
1515 1295 1595 1325 Cum
1612 1299 1720 1325 autem
1741 1295 1780 1324 ad
1800 1295 1980 1325 orationem
1996 1294 2175 1324 Judeorum
2195 1294 2288 1324 deve-

1322 1349 1421 1385 nerit,
1440 1357 1505 1378 non
1526 1348 1621 1378 dicitu
1630 1358 1642 1377 r
1659 1349 1827 1377 Flcccamus
1844 1357 1961 1385 qenua,
1978 1347 2054 1386 quia
2078 1347 2139 1385 ipsi
2159 1347 2217 1376 hac
2239 1346 2292 1375 die

1321 1403 1499 1432 Dominum
1514 1401 1680 1431 irridendo
1692 1410 1797 1439 genua
1810 1401 1989 1430 flectebant.
2007 1400 2146 1430 Ecclesia
2161 1399 2291 1429 illorum

1322 1456 1509 1485 horrescens
1529 1455 1664 1490 facinus,
1683 1463 1787 1492 genua
1804 1463 1859 1492 pro
1877 1454 1955 1492 ipsis
1973 1462 2035 1483 non
2053 1454 2151 1483 flectit
2169 1453 2203 1482 in
2219 1461 2290 1482 ora-

1323 1509 1418 1538 tione.
1438 1508 1554 1537 Finitis
1571 1507 1787 1542 orationibus,
1807 1507 1947 1545 pontifex
1965 1507 2106 1545 procedit
2122 1506 2160 1535 ad
2177 1505 2291 1543 altare,

1322 1566 1352 1591 et
1367 1561 1476 1590 adorat
1488 1569 1615 1590 crucem
1629 1568 1702 1589 cum
1718 1559 1804 1595 aliis,
1822 1559 1904 1589 sicut
1921 1560 1953 1588 in
1968 1559 2082 1588 ordine
2094 1559 2290 1588 continetur.

1322 1613 1495 1644 Sciendum
1517 1618 1638 1649 tamen,
1657 1612 1740 1651 quod
1764 1612 1942 1641 secuudum
1965 1612 2132 1650 antiquam
2153 1619 2293 1640 consue-

1323 1667 1479 1702 tudinem,
1495 1665 1653 1704 quidquid
1670 1674 1765 1703 super
1778 1674 1906 1694 crucem
1923 1664 2068 1700 offertur,
2083 1663 2165 1693 scole
2177 1663 2294 1693 Crucis

1322 1719 1414 1749 debet
1430 1728 1508 1749 esse.
1533 1718 1682 1748 Osculata
1700 1727 1774 1747 vero
1791 1726 1885 1747 cruce
1901 1726 1918 1746 a
1934 1717 2018 1747 clero
2035 1721 2064 1746 et
2081 1716 2198 1755 populo
2210 1740 2217 1753 ,
2234 1716 2292 1746 do-

1322 1782 1419 1802 mnus
1442 1782 1520 1810 papa
1538 1772 1709 1801 revertitur
1732 1771 1771 1800 ad
1791 1771 1910 1807 altare3
1931 1775 1960 1800 et
1981 1770 2060 1800 facta
2076 1769 2292 1806 confessione,

1323 1826 1394 1855 siue
1409 1824 1559 1864 capitulo,
1577 1826 1648 1854 sine
1663 1825 1814 1859 incensu,
1833 1829 1863 1854 et
1881 1824 1952 1853 sine
1968 1823 2099 1853 osculoa
2119 1822 2293 1860 evangelii,

1323 1878 1542 1908 communicat
1561 1878 1600 1907 de
1621 1886 1752 1915 corpore
1773 1877 1911 1912 Christi,
1933 1876 2017 1915 quod
2040 1875 2214 1906 cardinalis
2235 1874 2293 1904 ad-

1323 1932 1466 1961 duxerat.
1487 1932 1522 1960 Et
1539 1930 1714 1960 notandum
1732 1930 1815 1968 quod
1834 1930 1927 1959 hodie
1945 1930 2008 1958 Parc
2023 1930 2144 1958 Domini
2160 1937 2223 1958 nou
2241 1927 2292 1957 di-

1324 1985 1418 2020 citur,
1435 1986 1537 2021 Aynus
1561 1984 1611 2012 Dei
1637 1991 1700 2012 non
1727 1987 1884 2017 cantatur,
1904 1991 2008 2020 neque
2032 1982 2116 2020 pacis
2144 1980 2293 2011 osculum

1323 2037 1428 2074 datur,
1452 2045 1557 2075 neque
1580 2040 1650 2074 post
1673 2035 2003 2065 communicationem
2022 2034 2159 2064 canitur.
2179 2033 2292 2063 Scien-

1323 2091 1400 2120 dum
1419 2099 1505 2126 vero,
1524 2089 1607 2127 qnod
1626 2088 1733 2118 acoliti
1754 2091 1976 2126 representant
1994 2087 2165 2117 incensum
2181 2087 2220 2116 ad
2240 2095 2293 2116 ca-

1322 2143 1430 2173 licem.
1450 2142 1595 2172 Pontifex
1613 2143 1708 2171 etiam
1728 2150 1791 2171 nou
1811 2140 2030 2171 communicat
2047 2141 2086 2170 ad
2104 2140 2224 2176 sedem,
2238 2139 2294 2169 sed

1323 2201 1397 2226 ante
1413 2196 1511 2225 altare
1526 2196 1565 2225 ob
1582 2194 1799 2224 humilitatem
1818 2193 1997 2223 reverentie
2010 2193 2075 2222 diei
2090 2197 2120 2223 et
2135 2192 2296 2231 passionis

1322 2248 1461 2285 Christi3
1485 2247 1674 2286 expletoque
1693 2247 1814 2283 officio,
1831 2246 1919 2276 exuit
1937 2255 1970 2275 se
1987 2255 2060 2275 cum
2080 2246 2153 2275 aliis
2168 2244 2295 2275 ordini-

1322 2302 1397 2338 bus,
1423 2305 1453 2331 et
1475 2305 1580 2330 cantat
1603 2300 1647 2329 ibi
1672 2309 1819 2338 vesperas
1841 2299 1906 2328 diei
1924 2299 2031 2333 Jovis,
2057 2298 2232 2328 recitando.
2256 2297 2296 2327 Et

1321 2354 1438 2384 deinde
1462 2353 1633 2383 revertitur
1655 2353 1694 2381 ad
1720 2351 1896 2391 palatium3
1924 2355 1954 2381 et
1976 2351 2103 2380 intrans
2125 2350 2293 2380 basilicam

1322 2407 1423 2436 sancti
1443 2406 1626 2441 Laurentii,
1644 2414 1772 2434 crucem
1787 2414 1884 2443 quam
1901 2408 2066 2442 acceperat
2082 2403 2122 2433 ab
2138 2403 2229 2432 altari
2246 2411 2293 2431 re-

1321 2460 1421 2498 ponit,
1440 2464 1469 2488 et
1482 2464 1556 2488 tuuc
1572 2458 1610 2487 ad
1624 2466 1784 2487 cameram
1802 2466 1893 2486 suam
1905 2456 2039 2486 accedit.
2059 2456 2097 2485 Et
2114 2455 2291 2486 notandum

1323 2512 1408 2550 quod
1428 2511 1567 2541 domnus
1585 2520 1663 2549 papa
1679 2510 1789 2540 eadem
1806 2510 1857 2539 die
1875 2509 1958 2539 nulli
1973 2509 2011 2538 de
2033 2509 2155 2539 familia
2170 2518 2228 2538 sua
2244 2508 2291 2537 vi·

1324 2574 1403 2594 num
1414 2564 1513 2594 datad
1524 2564 1709 2602 potandum,
1723 2572 1780 2593 uec
1791 2568 1916 2592 coctum
1925 2563 1964 2592 ad
1974 2562 2209 2592 comedendum
2221 2572 2227 2597 ;
2240 2561 2295 2590 dat

1324 2619 1370 2648 eis
1383 2617 1603 2647 tantummodo
1614 2625 1729 2655 panem
1745 2620 1775 2645 et
1787 2625 1918 2654 aquam,
1935 2620 1964 2644 et
1977 2615 2093 2644 herbas
2105 2614 2144 2644 de
2156 2623 2292 2644 consue-

1324 2671 1448 2701 tudine.
1466 2671 1532 2700 Hac
1546 2670 1598 2699 die
1612 2669 1746 2699 ecclesia
1760 2674 1868 2698 sancte
1884 2668 1997 2698 Crucis
2012 2676 2074 2697 non
2092 2667 2143 2696 dat
2158 2667 2290 2696 faculas.

1284 2764 1398 2804 [XIV]
1418 2765 1494 2799 Ouid
1510 2764 1609 2792 debeat
1626 2764 1756 2791 (lominus
1771 2771 1849 2799 papa
1865 2762 1962 2798 facere
1979 2761 2009 2790 in
2028 2761 2152 2790 Sabbaeo
2168 2761 2290 2789 Sancw.

1363 2856 1435 2895 [30].
1449 2857 1484 2886 I'n
1495 2856 1630 2886 Sabbato
1638 2856 1763 2890 Sancto,
1775 2854 1851 2884 liora
1859 2857 1943 2883 sexta
1952 2853 2087 2883 efficitur
2096 2860 2198 2881 novus
2209 2850 2293 2888 ignis

1316 3002 1340 3029 a)
1358 3000 1453 3024 oscula
1471 3002 1531 3023 cod.
