2434 3530
223 341 279 372 312

265 408 368 435 Petrus
394 406 487 442 eleqit.
515 404 630 442 Sicque
654 404 780 433 ducitur
800 405 839 433 ab
855 404 918 434 illis
935 413 1034 443 usque
1049 404 1088 434 ad
1107 405 1226 442 gradus

265 462 365 496 porte,
383 466 444 495 que
460 457 607 486 videlicet
624 462 711 495 porta
732 461 777 486 est
795 457 945 486 introitus
963 457 1072 496 palatii
1090 458 1224 488 venien-

265 510 345 539 tibus
370 510 406 538 de
431 509 564 538 ecclesia
587 509 625 538 ad
647 509 799 547 palatium
822 510 949 547 ipsum3
972 511 1081 548 ibique
1101 511 1225 549 judices

262 562 408 591 eumdem
434 562 568 590 electum
594 562 801 600 accipientes,
822 563 942 592 ducunt
966 572 1038 593 eum
1063 573 1117 602 per
1138 564 1223 602 pala-

263 616 342 643 tium
361 622 461 651 nsque
476 614 514 642 ad
530 614 695 644 basilicam
713 615 815 643 sancti
831 615 990 645 Silvestri.

302 667 374 704 [79].
390 667 534 696 Ubivero
545 672 676 697 ventum
691 672 819 697 estante
832 668 995 697 basilicam
1009 670 1225 708 ipsam‚super

261 722 350 758 cujus
378 729 506 754 arcum,
533 720 587 758 qui
615 725 809 750 sustentatur
832 721 870 750 de
895 721 1019 751 duabus
1042 721 1224 760 columpnis

259 772 463 811 porfireticis,
485 776 529 801 est
546 781 661 810 ymago
681 773 818 811 quedam
837 773 1008 803 Salvatoris
1032 783 1093 812 que
1109 783 1126 803 a
1147 783 1224 812 quo-

258 825 330 854 dam
346 824 448 854 Judeo
466 834 613 863 percussa
627 825 705 855 olim
722 826 755 854 in
772 826 874 855 fronte
891 827 1083 864 sanguinem
1100 827 1220 862 emisit,

258 878 338 907 sicut
357 877 452 907 hodie
472 878 631 914 cernitur,
656 878 741 907 idem
761 878 879 908 electus
900 879 987 908 sedet
1002 879 1041 908 ad
1060 879 1222 909 dexteram

258 931 291 959 iu
311 930 384 959 sede
399 930 596 968 porfiretica,
619 931 673 960 ubi
690 931 776 969 prior
792 931 921 961 basilice
938 932 1038 961 sancti
1056 932 1222 961 Laurentii

257 983 295 1012 de
310 982 425 1021 palatio
441 982 493 1011 dat
509 983 538 1012 ei
557 983 705 1021 ferulam,
723 992 784 1022 que
801 988 846 1013 est
862 985 990 1021 siguum
1008 985 1177 1022 regiminis
1193 989 1223 1015 et

257 1035 480 1072 correctionis,
503 1040 532 1065 et
554 1035 658 1066 claves
680 1036 782 1075 ipsius
798 1036 928 1066 basilice
945 1041 974 1066 et
990 1037 1072 1067 sacri
1089 1038 1220 1068 Latera-

258 1088 366 1118 nensis
387 1087 513 1127 palatii3
537 1089 612 1127 quia
633 1089 812 1127 specialiter
828 1090 920 1120 Petro
936 1090 1075 1128 principi
1095 1094 1219 1130 aposto-

256 1141 360 1171 lorum
391 1141 463 1171 data
487 1145 533 1171 est
560 1146 697 1180 potestas
723 1142 895 1173 claudendi
926 1147 956 1172 et
979 1143 1162 1182 aperiendi,
1192 1148 1222 1174 et

256 1194 381 1233 ligandi
396 1199 491 1233 atque
506 1195 664 1232 solvendi,
682 1199 711 1225 et
727 1204 781 1234 per
796 1196 902 1234 ipsum
918 1196 1098 1234 apostolum
1114 1197 1219 1226 omni-

256 1248 314 1278 bus
335 1248 488 1277 Romanis
511 1248 728 1286 pontificibus.
752 1249 788 1278 Et
807 1257 879 1278 cum
896 1249 963 1288 ipsa
982 1249 1085 1279 serula
1106 1254 1136 1279 et
1155 1250 1221 1280 cla-

256 1301 349 1330 ribus
372 1301 491 1331 accedit
515 1301 554 1330 ad
575 1300 708 1331 alteram
732 1301 839 1331 sedem
861 1302 1002 1331 similem
1025 1307 1055 1332 et
1075 1303 1221 1341 ejusdem

256 1354 391 1392 lapidis;
424 1358 453 1383 et
492 1358 566 1383 tunc
593 1355 696 1384 reddit
726 1354 828 1384 eidem
856 1355 956 1393 priori
992 1360 1055 1385 tam
1082 1356 1219 1387 scrnlarn

257 1416 352 1445 quam
378 1411 407 1436 et
428 1407 512 1445 ipsas
532 1407 647 1437 claves.
675 1408 713 1436 In
735 1416 797 1446 qua
816 1408 891 1437 dum
914 1408 1115 1447 aliquantula
1132 1418 1221 1439 mora

256 1463 376 1498 pausat,
395 1459 536 1497 cingitur
551 1460 590 1489 ab
601 1460 710 1489 eodem
728 1461 833 1498 priore
848 1470 925 1491 zona
942 1461 1040 1491 rubea
1055 1462 1093 1491 de
1107 1463 1218 1499 sericO,

256 1513 289 1541 in
311 1521 375 1550 qua
395 1512 551 1550 dependet
573 1513 668 1542 bursa
689 1523 862 1551 purpurea,
884 1515 917 1543 in
939 1524 1002 1552 qua
1024 1519 1099 1545 sunt
1114 1525 1156 1545 ΧΗ
1174 1516 1219 1546 si-

255 1564 334 1603 gilla
355 1565 566 1602 pretiosorum
591 1565 734 1604 lapidum
755 1571 784 1595 et
806 1576 945 1596 muscus.
972 1568 1033 1604 Qui
1058 1568 1219 1607 siquidem

256 1617 374 1647 electus
393 1617 459 1647 illis
475 1618 600 1647 duabus
616 1618 745 1648 sedibus
761 1619 807 1649 sic
826 1620 935 1649 sedere
950 1621 1058 1657 debet,
1077 1630 1112 1652 ac
1129 1623 1155 1652 si
1171 1623 1220 1652 vi-

256 1670 368 1700 deatur
387 1670 471 1699 inter
490 1670 569 1700 duos
591 1670 723 1701 lectulos
740 1672 863 1710 jacere,
885 1673 916 1702 id
941 1678 987 1703 est
1005 1679 1038 1703 ut
1053 1675 1222 1705 accumbat

256 1723 340 1752 inter
355 1722 509 1762 principis
529 1723 745 1761 apostolorum
766 1725 850 1755 Petri
868 1727 1059 1766 primatum,
1076 1732 1107 1758 et
1127 1729 1221 1759 Pauli

254 1776 389 1805 doctoris
405 1777 551 1813 gentium
568 1777 827 1815 predicationem.
849 1779 885 1807 In
903 1788 981 1809 zona
998 1785 1128 1811 notatur
1143 1790 1220 1812 con-

256 1829 391 1858 tinentia
407 1829 576 1866 castitatis,
601 1830 635 1858 in
651 1829 747 1859 bursa
763 1831 1044 1871 gazophylacium,
1063 1843 1126 1872 quo
1141 1844 1221 1873 pau-

254 1890 345 1920 peres
379 1881 499 1911 Christi
536 1882 720 1912 nutriantur
758 1887 787 1912 et
819 1884 925 1914 vidue.
963 1886 1001 1914 In
1033 1896 1076 1916 ΧΠ
1103 1887 1221 1925 sigillis

255 1944 297 1963 xn
322 1933 536 1972 apostolorum
566 1939 699 1972 potestas
724 1936 929 1975 designatur3
957 1948 1086 1969 muscus
1113 1941 1220 1972 inclu-

255 1987 340 2016 ditur
370 1987 408 2016 ad
437 1987 679 2026 percipiendum
708 1989 856 2024 odorem,
890 1996 924 2020 ut
952 1992 997 2021 ait
1022 1994 1183 2031 apostolus
1213 2007 1218 2024 :

257 2040 371 2069 Christi
397 2041 491 2069 bonus
513 2041 585 2069 odor
606 2050 712 2070 sumus
734 2042 800 2071 Deo.
827 2043 865 2072 In
892 2053 956 2082 qua
982 2047 1122 2076 secunda
1147 2049 1221 2078 sede

255 2091 331 2121 dum
355 2092 441 2122 sedet
462 2092 591 2130 electus
615 2094 727 2132 recipit
745 2103 857 2125 omnes
881 2097 1032 2128 officiales
1051 2099 1160 2137 palatii
1181 2101 1221 2131 ad

255 2144 367 2183 pedes,
386 2148 415 2174 et
430 2149 537 2183 postea
553 2145 591 2175 ad
608 2147 763 2177 osculnm.
786 2148 824 2177 Et
839 2149 955 2180 deinde
972 2151 1086 2182 sedens
1101 2153 1221 2184 ibidem

256 2197 368 2235 recipit
388 2198 427 2227 de
450 2207 550 2227 manu
569 2200 738 2229 camerarii
755 2201 904 2232 denarios
924 2209 1092 2241 argenteos
1112 2207 1220 2237 valen-

257 2254 301 2279 tes
319 2259 337 2279 x
354 2249 410 2279 sol.
429 2251 655 2289 provenienses
675 2257 704 2282 et
722 2253 835 2292 proicit
856 2263 909 2284 cos
931 2265 1025 2294 super
1047 2259 1219 2297 populum3

256 2302 315 2332 hoc
337 2302 410 2332 facit
430 2304 536 2339 tertio,
553 2304 688 2335 dicendo
707 2315 713 2335 :
735 2306 896 2345 Dispersit,
918 2309 997 2338 (ledit
1023 2313 1219 2349 pauperibus,

250 2356 375 2393 justitia
391 2357 454 2393 ejtts
470 2362 570 2386 manet
587 2358 620 2386 in
635 2359 769 2388 seculum
785 2361 889 2390 seculi.

296 2408 372 2446 [80].
396 2408 469 2438 Istis
485 2409 637 2447 peractis,
655 2410 781 2441 ducitur
794 2421 848 2449 per
863 2413 965 2451 ipsam
983 2416 1139 2453 porticum
1163 2419 1222 2449 suh

256 2469 374 2499 yconas
390 2461 632 2500 Apostolorum,
649 2472 710 2502 qne
728 2473 784 2502 per
803 2474 890 2495 mare
911 2467 1045 2498 Romam
1064 2475 1224 2501 venerunt

255 2513 344 2543 nullo
363 2514 522 2550 ductore³‚
539 2519 569 2545 et
582 2516 682 2545 intrat
694 2516 861 2547 basilicam
877 2520 978 2549 sancti
992 2520 1168 2561 Laurentii,
1186 2525 1222 2554 iu

256 2576 351 2606 quam
371 2572 536 2606 postquam
560 2569 718 2607 peregerit
740 2570 894 2609 prolixam
914 2577 987 2603 ante
1008 2577 1172 2613 proprium
1193 2581 1223 2608 et

257 2619 392 2658 speciale
408 2620 507 2650 altare
519 2622 706 2660 orationem,
720 2624 822 2662 pergit
831 2625 870 2653 ad
881 2626 1026 2664 papalem
1040 2637 1219 2668 cameram3

257 2672 312 2702 ubi
344 2681 417 2703 cum
449 2682 505 2712 pro
535 2683 591 2704 sua
621 2675 784 2706 voluntate
814 2679 1016 2717 pausaverit,
1048 2682 1150 2720 pergit
1182 2683 1222 2713 ad

257 2734 414 2755 mensam.

297 2777 374 2816 [81].
387 2779 460 2808 Post
474 2778 531 2808 hec
543 2783 649 2809 autem
662 2780 694 2810 in
707 2782 852 2819 proxima
865 2783 916 2813 die
928 2784 1090 2817 dominica
1103 2788 1221 2819 electus

257 2838 331 2859 cum
347 2831 496 2860 omnibus
512 2832 680 2862 ordinibus
698 2836 778 2864 sacri
801 2835 910 2874 palatii
927 2841 956 2866 et
975 2838 1138 2870 nobilibus
1157 2842 1221 2872 Ro-

250 2994 276 3023 a)
292 2995 355 3018 Cod.
373 2993 494 3017 doctore.

767 341 815 368 LE
840 340 982 369 LIBER
1006 339 1240 369 CENSUUM
1263 339 1318 368 DE
1342 330 1528 369 L'EGLISE
1551 339 1761 370 ROMAINE.

1347 406 1452 434 manis
1476 406 1561 434 vadit
1585 406 1622 434 ad
1644 406 1807 436 ecclesiam
1832 407 1914 436 beati
1942 408 2044 444 Petri,
2071 413 2100 438 et
2124 409 2186 448 [ad]
2212 409 2312 440 altare

1347 459 1462 496 majus,
1474 463 1565 497 prout
1576 459 1609 487 iu
1622 459 1736 489 ordine
1744 460 1984 496 continetut·,ab
1993 462 2138 499 episcopo
2149 462 2313 492 Hostiensi

1347 511 1527 550 specialiter
1543 515 1571 541 et
1587 511 1659 541 aliis
1678 512 1834 550 episcopis
1853 512 1891 542 de
1908 513 1997 542 curia
2013 519 2233 552 consecratur3
2253 514 2312 545 hoc

1347 564 1466 599 addito⁷
1484 565 1569 603 quod
1585 565 1610 593 si
1629 565 1707 594 forte
1721 565 1887 603 episcopus
1905 565 2086 595 Hostiensis
2103 575 2234 604 presens
2248 576 2312 597 non

1347 617 1459 652 fuerit,
1483 617 1743 656 archipresbyter
1764 618 1942 647 Hostiens1s
1959 627 2012 647 seu
2031 619 2241 649 Velletrensis
2261 620 2312 649 in-

1348 674 1463 699 teresse
1484 671 1576 700 debet
1600 671 1842 700 consecrationi.
1865 671 1934 707 Qua
1950 673 2188 701 consecratione
2208 672 2310 709 finita,

1346 723 1433 761 prior
1449 723 1549 753 sancti
1563 723 1729 753 Laurentii
1743 724 1822 753 sacri
1836 724 1942 762 palatii
1954 725 2041 762 ponit
2062 724 2201 763 palleum
2218 733 2313 764 super

1345 775 1460 811 altare,
1478 776 1562 814 quod
1577 777 1644 814 ipse
1661 777 1747 814 prior
1762 777 1887 815 propria
1905 785 2002 806 manu
2019 778 2112 807 debet
2128 786 2260 816 parare3
2284 782 2314 808 et

1345 829 1453 858 statim
1482 829 1729 859 archidiaconus
1755 838 1825 859 cum
1854 830 1994 859 secundo
2019 831 2153 860 diacono
2180 831 2258 860 dant
2278 831 2313 860 iu

1345 890 1444 911 manu
1457 882 1629 922 pontificis,
1643 886 1673 911 et
1685 882 1771 912 solus
1787 883 2032 912 archidiaconus
2044 883 2120 913 dicit
2139 884 2284 922 pontifici
2304 894 2311 913 ι

1344 935 1449 972 Accipe
1460 936 1594 972 palleum
1609 958 1614 970 ‚
1632 936 1852 972 plenitudinem
1873 937 1984 965 scilicet
2003 938 2188 974 pontificalis
2205 938 2312 974 officii,

1344 988 1383 1016 ad
1407 988 1553 1017 honorem
1581 990 1794 1026 omnipotentis
1817 989 1866 1017 Dei
1891 994 1916 1017 et
1940 990 2159 1026 gloriosissime
2179 991 2314 1027 viminis

1345 1041 1408 1078 ejus
1425 1041 1598 1077 Gemit-icis,
1611 1046 1637 1070 et
1651 1042 1805 1070 beatorum
1822 1042 2025 1078 apostolor-unz
2042 1042 2124 1070 Petri
2140 1048 2166 1071 et
2180 1043 2271 1072 Pauli
2286 1047 2312 1071 et

1343 1098 1445 1122 sancte
1465 1094 1595 1123 Romane
1611 1095 1737 1130 ecclesie,
1761 1098 1791 1123 et
1806 1094 1907 1123 nichil
1925 1094 2025 1123 aliud.
2044 1094 2224 1134 Statimque
2245 1095 2314 1134 ipse

1344 1146 1590 1176 archidiaconus
1609 1155 1681 1176 cum
1702 1147 1805 1184 priore
1826 1146 2010 1176 basilicario
2033 1151 2118 1185 aptat
2139 1147 2226 1177 idem
2244 1147 2313 1186 pal-

1344 1198 1430 1229 leum
1449 1207 1544 1237 super
1557 1199 1752 1237 pontificem,
1772 1199 1966 1229 intromissis
1983 1199 2120 1238 spinulis
2135 1200 2241 1230 aureis
2257 1201 2313 1230 tri-

1343 1252 1413 1288 bus,
1431 1256 1506 1281 ante
1524 1257 1554 1281 et
1572 1257 1655 1282 retro
1671 1257 1701 1282 et
1717 1253 1847 1282 sinistro
1863 1252 1972 1289 tatere,
1996 1253 2031 1282 in
2053 1253 2154 1292 capite
2175 1262 2314 1292 quarum

1344 1308 1419 1334 sunt
1432 1305 1538 1334 innixi
1553 1309 1615 1334 tres
1627 1305 1803 1343 jacinthini
1818 1305 1956 1344 lapides:
1976 1306 2067 1335 etsie
2079 1310 2211 1336 ornatus
2227 1315 2315 1336 acce-

1344 1358 1390 1387 dit
1405 1358 1547 1396 pontifex
1569 1358 1608 1387 ad
1627 1358 1742 1394 altare,
1760 1363 1790 1388 et
1807 1359 1851 1388 ibi
1870 1358 2008 1389 celebrat
2031 1359 2209 1389 honorifice
2231 1360 2313 1389 mis-

1343 1419 1423 1441 sam.
1442 1411 1480 1440 Et
1496 1411 1675 1441 notandum
1697 1411 1781 1450 quod
1797 1410 1907 1441 laudes
1931 1412 1971 1441 ab
1991 1412 2219 1442 archidiacono
2238 1421 2314 1443 cum

1344 1464 1574 1500 cardinalibus,
1591 1464 1797 1494 subdiaconis
1813 1469 1843 1493 et
1859 1464 2048 1500 scriniariiS,
2065 1465 2197 1503 epistola
2213 1464 2314 1494 latina

1344 1525 1416 1547 cum
1427 1526 1532 1555 greca,
1551 1522 1581 1547 et
1590 1517 1793 1555 evangelium
1805 1517 1943 1547 latinum
1955 1526 2027 1547 cum
2040 1527 2145 1555 greco,
2158 1522 2188 1548 et
2199 1526 2315 1548 omnes

1343 1570 1406 1600 alie
1426 1570 1677 1608 sollempnitates
1697 1575 1770 1600 tunc
1792 1571 1888 1606 fiunt,
1913 1571 1993 1600 sicut
2016 1571 2050 1599 in
2075 1571 2154 1600 seria
2172 1571 2314 1600 secunda

1343 1628 1413 1663 post
1427 1623 1562 1654 Pascha.

1386 1677 1459 1716 [82].
1478 1677 1575 1706 Missa
1593 1681 1700 1706 autem
1723 1677 1889 1713 celebrata,
1908 1677 2078 1707 revertitur
2098 1677 2137 1706 ad
2158 1676 2312 1716 palatium

1344 1735 1515 1761 coronatus
1537 1739 1610 1760 cum
1630 1730 1832 1769 processione
1849 1733 1877 1760 et
1894 1729 2014 1759 honore
2032 1738 2183 1767 arcuum,
2204 1739 2313 1769 repre-

1345 1785 1525 1813 sentatione
1549 1783 1629 1821 legis
1654 1792 1671 1812 a
1692 1783 1816 1818 Judeis,
1839 1787 1869 1812 et
1894 1782 2127 1812 turribulorum
2147 1782 2315 1828 anclericis

1345 1837 1517 1871 Romanis,
1532 1836 1719 1875 etjactubus
1733 1835 1863 1866 totidem
1879 1839 1908 1864 et
1921 1839 2007 1865 tanta
2018 1836 2198 1874 quantitate
2210 1835 2313 1872 factis,

1345 1891 1428 1920 sicut
1451 1890 1485 1919 in
1511 1889 1651 1928 predicta
1676 1889 1816 1918 secunda
1841 1889 1919 1918 seria
1946 1894 2014 1927 post
2039 1888 2172 1918 Pascha.
2200 1888 2313 1918 Scien-

1344 1943 1487 1981 dumque
1499 1942 1581 1981 quod
1594 1941 1774 1971 cardinales
1782 1950 1905 1979 omnes,
1917 1942 2013 1979 greci,
2026 1941 2231 1980 primicerius
2239 1949 2313 1971 cum

1344 1995 1429 2025 scola
1444 2000 1611 2025 cantorum
1622 2017 1630 2031 ,
1648 1995 1817 2033 prefectus,
1837 1998 2012 2032 senatores,
2029 1994 2154 2032 judices
2169 1998 2200 2023 et
2214 1994 2312 2024 advo-

1345 2049 1418 2085 cati,
1434 2048 1607 2082 scriniarii,
1621 2048 1751 2086 prefecti
1769 2047 1909 2084 navales,
1923 2047 2007 2077 scola
2023 2047 2176 2077 Crntium
2190 2051 2220 2076 et
2236 2055 2312 2085 cap-

1345 2101 1465 2140 pellani
1488 2100 1548 2130 tale
1573 2101 1807 2139 presbyterium
1834 2104 1865 2129 et
1891 2099 1995 2129 taliter
2019 2100 2131 2129 datum
2152 2100 2315 2138 accipiunt

1346 2154 1441 2193 quale
1464 2154 1498 2182 in
1521 2154 1573 2183 die
1590 2153 1713 2183 Pasclie
1736 2153 1884 2191 superius
1908 2154 2112 2182 nominatum
2133 2153 2312 2191 recipiunt;

1345 2206 1536 2237 subdiaconi
1549 2210 1656 2235 autem
1668 2205 1793 2244 singuli
1805 2205 1951 2243 singulos
1966 2205 2168 2244 melequinos
2179 2205 2314 2242 habent,

1344 2260 1428 2299 quod
1447 2264 1553 2289 tamen
1573 2267 1637 2289 non
1658 2259 1691 2287 fit
1709 2259 1742 2288 iu
1762 2258 1870 2297 aliqua
1893 2259 2106 2297 predictarum
2124 2258 2314 2296 sollempni-

1344 2317 1456 2343 tatum.
1476 2313 1549 2342 Non
1568 2312 1685 2341 dantur
1701 2311 1820 2341 etenim
1839 2312 1895 2348 eis,
1915 2312 1996 2341 sicut
2014 2311 2136 2341 ibidem
2158 2311 2312 2349 scriptum

1345 2366 1472 2405 plenius
1496 2365 1679 2400 iuvenitur,
1701 2365 1796 2394 etiam
1825 2365 1851 2394 si
1874 2374 1932 2394 xxx
1955 2364 2005 2394 vel
2029 2364 2170 2403 amplius
2193 2367 2312 2400 essent,

1345 2419 1409 2448 nisi
1424 2428 1466 2448 xn
1481 2417 1670 2456 melequini.
1690 2418 1847 2447 Universe
1861 2417 1957 2447 etiam
1972 2417 2057 2447 scole
2068 2417 2190 2456 palatii,
2205 2416 2312 2447 clerici

1345 2472 1485 2502 Romani
1504 2479 1559 2510 pro
1579 2470 1755 2507 turribulis,
1779 2471 1875 2500 Judei
1899 2479 1955 2509 pro
1976 2470 2252 2509 representatione
2267 2469 2313 2500 le-

1345 2525 1406 2563 gis,
1420 2533 1524 2561 arcus,
1541 2524 1601 2553 tale
1618 2524 1855 2563 presbyterium
1869 2523 2031 2562 recipiunt
2045 2523 2201 2560 ottaliter,
2219 2523 2314 2562 quale

1344 2577 1492 2608 daturin
1517 2577 1776 2607 coronationibus
1807 2576 1958 2606 omnibus
1987 2576 2060 2606 aliis
2085 2576 2198 2606 domni
2221 2585 2311 2615 pape.

1345 2631 1507 2661 Pincerna
1522 2630 1654 2668 insuper
1669 2633 1699 2659 et
1715 2629 1929 2659 marescalcus
1953 2633 2016 2659 tam
2037 2629 2076 2659 de
2096 2629 2290 2660 comestione
2303 2653 2311 2666 ,

1345 2692 1442 2723 quam
1472 2684 1510 2713 de
1535 2682 1607 2712 aliis
1631 2683 1773 2712 donariis
1800 2686 2050 2712 remunerantur
2071 2681 2231 2719 similiter,
2259 2690 2313 2712 ex-

1344 2740 1434 2775 cepto
1451 2737 1535 2775 quod
1552 2736 1654 2774 capita
1670 2744 1838 2774 porcorum
1856 2738 1961 2773 aptata
1977 2743 2041 2764 non
2058 2734 2188 2770 habent,
2207 2743 2314 2773 neque

1344 2789 1511 2820 claretum.
1538 2789 1675 2818 Familia
1701 2797 1828 2826 quoque
1853 2793 1882 2817 et
1911 2787 2049 2817 curiales
2076 2786 2314 2826 presbyterium

1344 2843 1465 2872 habent
1477 2843 1569 2880 juxta
1582 2841 1752 2871 camerarii
1768 2840 1977 2870 voluntatem.

1384 2895 1454 2934 [83].
1475 2895 1508 2924 Si
1525 2902 1598 2924 vero
1613 2894 1726 2923 electio
1741 2894 1821 2923 sacta
1837 2897 1883 2922 est
1898 2893 1931 2922 in
1949 2892 2080 2922 ecclesia
2096 2893 2197 2922 sancti
2214 2892 2312 2929 Petri,

1344 2953 1411 2986 post
1426 2947 1682 2977 nominationem
1699 2946 1829 2975 ducitur
1843 2945 1961 2974 electus
1974 2953 1993 2974 a
2007 2945 2130 2975 duobus
2144 2944 2314 2975 cardinali-

1341 3001 1402 3030 bus
1418 3000 1578 3030 cantando
1591 3001 1625 3029 Te
1636 3000 1729 3028 Deum
1744 2999 1908 3027 laudamus
1923 2998 1959 3027 ad
1978 2997 2094 3034 altare;
2111 2997 2164 3027 ubi
2179 3001 2314 3036 prostra-
