2434 3530
86 916 110 935 10

88 1179 111 1197 15

90 1968 114 1987 30

92 2497 116 2515 44]

135 368 193 398 356

178 438 256 461 statu
281 432 394 460 debere
413 439 480 459 esse
503 434 533 458 et
556 428 638 457 nulli
664 428 727 465 regi
752 427 882 456 alterius
903 424 995 463 regni
1017 422 1137 457 subici,

180 486 239 514 nisi
263 488 369 513 sancte
390 488 417 512 ct
442 481 614 511 universali
637 481 731 510 matri
748 482 893 510 Romane
912 478 1058 514 ecclesie,
1077 486 1140 516 qne

178 539 332 576 subjectos
357 544 418 565 non
442 535 535 564 habet
552 538 584 563 ut
603 543 708 564 servos
725 535 777 563 sed
797 537 829 563 ut
845 533 940 563 filios.
958 532 1049 568 Quod
1065 531 1140 570 quia

177 590 434 627 consanguineus
459 593 528 617 tuus
554 598 571 617 a
594 597 667 625 rege
682 587 858 617 Teutonico
878 595 942 617 non
961 595 979 615 a
995 586 1140 615 Romano

178 642 323 682 pontifice
341 641 520 679 usurpative
535 640 684 679 optinuit,
700 640 881 669 dominium
899 640 979 677 ejus,
991 643 1024 668 ut
1040 637 1141 667 credi-

180 705 259 730 mus,
278 694 425 723 divinum
443 693 602 731 judicium
622 693 800 730 impedivit.

216 749 264 778 03.
291 748 376 776 Idem
395 747 429 775 in
446 747 556 775 eodeni
576 747 601 766 ⁹¹
617 746 655 775 ad
673 746 826 779 eundem,
850 754 917 783 cap.
938 745 1038 781 LXX,
1058 745 1142 774 inter

178 807 291 831 cetera.

220 855 336 883 Verum
364 853 418 882 nbi
444 856 624 890 contempto
652 852 754 881 nobili
781 851 926 881 dominio
948 850 1032 880 beati
1056 849 1141 879 Petri

178 907 387 945 apostolorum
410 905 578 943 principis⁷
596 906 686 944 cnjus
704 913 839 941 regnum
857 913 924 933 esse
941 903 1142 942 prudentiam

179 965 262 989 tuam
284 968 347 988 non
367 958 456 994 latet,
478 967 529 987 rex
550 957 692 987 subdidit
712 966 744 986 se
763 957 936 986 Teutonico
963 955 1027 993 regi
1048 959 1077 985 et
1096 964 1144 985 re-

178 1013 242 1050 guli
268 1020 383 1041 nomon
407 1011 563 1049 optinuit,
589 1011 746 1040 Dominus
772 1013 876 1039 autem
905 1009 1059 1047 inJuriam
1088 1016 1145 1038 suo

179 1065 299 1094 illatam
320 1064 457 1103 principi
477 1063 657 1101 previdens,
675 1067 860 1101 potestatem
880 1062 972 1099 regni
988 1070 1045 1091 suo
1061 1061 1100 1090 ad
1118 1065 1145 1090 te

176 1118 297 1156 judicio
316 1117 488 1146 transtulit.
514 1117 551 1145 Et
569 1116 613 1145 ita
629 1116 888 1152 consanguineus
908 1119 994 1151 tuus,
1013 1114 1096 1143 sicut
1111 1114 1145 1142 in

179 1170 355 1200 obediendo
383 1178 482 1206 regno
507 1170 590 1207 juris
619 1170 706 1207 prius
731 1168 858 1203 habuit,
885 1177 902 1197 a
932 1176 964 1197 se
992 1167 1147 1204 sacrilega

181 1224 387 1262 usurpatione
405 1223 552 1261 privavit.
580 1223 693 1252 Petrus
712 1222 799 1251 enim
817 1230 833 1250 a
851 1222 943 1250 firma
962 1225 1049 1259 petra
1065 1221 1146 1250 dici-

180 1282 241 1313 tur,
272 1286 335 1315 que
365 1280 468 1314 portas
498 1276 593 1305 interi
619 1275 796 1311 confringit
819 1278 914 1312 atque
940 1274 1147 1304 adamantino

182 1333 285 1369 rigore
303 1330 451 1365 destruit,
469 1334 498 1358 et
514 1330 640 1367 dissipat
659 1328 812 1367 quicquid
828 1328 965 1357 obsistit.

219 1385 268 1413 94.
293 1384 382 1413 Idem
403 1384 434 1412 in
460 1383 570 1413 eodem
586 1384 611 1403 ⁹⁵
634 1382 796 1411 Demetrio
822 1382 887 1419 regi
911 1381 1090 1411 Ruscorum
1118 1385 1148 1410 et

183 1437 293 1474 regine
311 1436 400 1466 uxori
418 1437 487 1474 ejus
503 1436 587 1465 inter
603 1440 716 1471 cetera,
734 1444 802 1473 cap.
821 1434 991 1464 LXXIIH.

223 1489 323 1518 Filius
349 1493 451 1518 vester
475 1488 591 1517 limina
618 1487 832 1526 apostolorum
863 1487 999 1516 visitans
1024 1488 1062 1516 ad
1091 1495 1147 1517 nos

181 1542 279 1577 venit,
298 1545 327 1570 et
342 1541 424 1579 quod
443 1550 577 1578 rognum
595 1540 675 1569 illud
692 1540 775 1569 dono
792 1540 892 1569 sancti
909 1539 996 1569 Petri
1014 1548 1068 1577 per
1084 1548 1148 1568 ma-

183 1604 242 1623 nus
260 1598 382 1623 nostras
403 1593 496 1622 vellet
513 1594 667 1631 optinere,
686 1592 790 1622 eidem
811 1593 901 1622 beato
918 1592 1012 1621 Petro
1030 1597 1149 1631 aposto-

180 1647 283 1677 lorum
307 1647 443 1685 principi
466 1646 570 1675 debita
593 1646 744 1675 fidelitate
768 1646 922 1681 exhibita,
941 1646 1063 1675 devotis
1083 1654 1149 1684 pre-

180 1702 270 1731 cibus
301 1700 484 1738 postulavit,
515 1699 736 1728 indubitanter
766 1708 911 1728 asserens
938 1698 1026 1727 illam
1057 1707 1147 1727 suam

182 1754 368 1792 petitionem
384 1756 485 1781 vestro
498 1760 657 1781 consensu
674 1753 801 1789 rata[m]
814 1752 879 1781 fore
895 1760 931 1780 ac
948 1751 1106 1786 stabilem,
1123 1750 1148 1779 si

182 1806 352 1844 apostolice
372 1805 569 1834 auctoritatis
590 1805 691 1841 gratia
709 1814 744 1834 ac
762 1804 946 1833 munimine
963 1804 1146 1833 donaretur.

181 1860 279 1897 Cujus
297 1859 500 1897 petitionibus
516 1859 589 1896 quia
604 1859 688 1896 juste
701 1858 902 1893 videbantur,
915 1861 979 1886 tum
996 1867 1030 1886 ex
1046 1861 1149 1886 vestro

181 1921 356 1946 consensu,
378 1916 443 1940 tuni
468 1921 501 1940 ex
527 1912 698 1941 donatione
718 1911 876 1949 poscentis
895 1910 1022 1939 tandem
1040 1919 1147 1939 assen-

182 1976 251 1995 suzn
277 1965 463 2003 prebuimus
488 1970 516 1993 et
539 1966 627 2002 regni
650 1965 743 1993 vestri
767 1964 985 2001 gubernacula
1006 1973 1040 1992 ex
1065 1968 1149 2001 parte

184 2019 264 2048 beati
284 2019 365 2047 Petri
383 2018 427 2047 illi
448 2018 647 2053 tradidimus,
663 2027 696 2047 ea
711 2017 860 2046 videlicet
875 2017 1054 2046 intentione
1068 2017 1148 2045 cari-

185 2073 254 2101 tatis
271 2077 300 2100 ut
316 2072 424 2100 beatus
438 2072 548 2100 Petrus
564 2080 616 2099 vos
633 2075 661 2099 et
678 2079 811 2107 regnum
832 2074 973 2099 vestrum
994 2079 1050 2098 susi
1066 2069 1149 2108 apud

185 2126 285 2153 Deum
306 2124 536 2152 intercessione
555 2123 722 2153 custodiat.

225 2178 271 2205 ¹215.
294 2178 369 2205 [tem
387 2176 468 2213 qnod
487 2185 620 2213 rognum
640 2176 795 2214 Hispanic
809 2176 892 2214 juris
909 2175 991 2204 beati
1008 2175 1092 2204 Petri
1109 2175 1151 2204 sit

185 2229 386 2267 cognoscitur
399 2231 423 2249 ⁰⁶
440 2239 473 2257 t‘x
494 2230 625 2264 registro
643 2229 785 2267 ejusdem
806 2229 865 2257 VII
880 2228 1038 2265 Gregorii,
1057 2228 1087 2257 id
1105 2232 1151 2257 est

185 2292 251 2320 cap.
270 2283 329 2311 VII
349 2286 377 2311 et
394 2283 467 2311 item
486 2292 519 2310 ex
539 2283 600 2311 IlIl
621 2282 717 2317 libro,
737 2292 803 2319 cap.
824 2282 987 2317 XXVIII,
1008 2281 1090 2319 quod
1108 2281 1150 2310 ita

185 2338 325 2367 sehabet
347 2348 352 2366 τ

224 2391 394 2428 Gregorius
420 2392 586 2429 opiscopus
610 2399 719 2419 servus
744 2398 906 2419 servorum
926 2390 983 2419 Dei
1004 2390 1147 2426 regibus,

184 2444 371 2479 comitibus7
405 2444 581 2481 ceterisque
619 2443 819 2481 principibus
858 2443 1033 2480 Hispanie,
1067 2443 1150 2471 intcr

185 2502 295 2527 cetera.
317 2498 462 2526 Preturva
482 2502 591 2526 notum
610 2497 697 2525 robis
711 2496 778 2525 fieti
793 2496 939 2525 volumus
956 2495 1039 2533 quod
1059 2495 1149 2523 nobis

185 2550 312 2588 quidem
339 2555 438 2579 tacere
461 2560 523 2579 non
549 2553 593 2577 est
610 2549 767 2584 liberum,
787 2549 873 2577 vobis
894 2553 999 2577 antem
1023 2548 1061 2577 ad
1083 2558 1150 2585 pre-

179 2759 184 2777 t
203 2760 262 2776 esse
279 2754 339 2776 deb.
357 2754 378 2776 Α
394 2767 422 2770 -
436 2759 448 2778 3
466 2756 494 2776 nt
509 2754 530 2776 D

177 2802 190 2821 9
204 2797 257 2820 ‹lno
270 2798 289 2820 D
306 2811 332 2814 —
347 2802 372 2822 14
384 2798 464 2828 sicut]
479 2798 577 2827 siquid
592 2798 636 2821 BD
649 2811 677 2815 —
691 2804 714 2822 15
725 2797 876 2821 obtinendo
889 2797 909 2820 D
927 2811 951 2814 —
966 2803 988 2822 te
1000 2798 1117 2828 privabit
1129 2797 1149 2820 D

179 2846 207 2865 20
223 2841 370 2864 Lxxxmt
387 2842 457 2865 Atii)
472 2856 499 2859 -
514 2847 542 2866 210
557 2842 648 2865 debita
662 2850 716 2866 om.
733 2842 753 2865 Ι)
771 2855 799 2858 -—
813 2842 961 2865 dovotione
976 2842 997 2865 D
1013 2855 1040 2858 —
1055 2847 1076 2866 31
1095 2844 1151 2865 tra-

150 2885 239 2907 dimus
256 2886 277 2907 A

180 2933 209 2952 34
226 2929 264 2951 lli-1
278 2935 369 2952 nenxo
385 2929 527 2952 ltrsmxir,
543 2931 657 2953 tilulum
672 2931 736 2952 adil.
756 2929 774 2952 Β
791 2943 819 2945 -
838 2929 978 2959 llyspanie
995 2930 1017 2952 A
1034 2943 1061 2945 —
1078 2934 1107 2954 35
1123 2929 1149 2952 id

150 2972 200 3001 est]
219 2973 263 2995 lili.
282 2973 329 2995 II)
351 2986 379 2989 —
399 2978 428 2997 36
449 2974 511 2996 item
526 2980 580 2997 om.
599 2974 619 2996 D
636 2987 665 2990 —
681 2973 757 2996 XIIII
775 2974 821 2996 lib.
839 2974 858 2996 13
879 2987 908 2990 —
930 2978 958 2998 39
974 2974 1040 3004 Ysp.
1061 2975 1082 2998 Α
1100 2977 1149 2999 etc.

149 3029 178 3033 —
194 3021 223 3041 Δο
239 3019 261 3038 ct
280 3016 378 3044 <ad>
396 3016 440 3038 lit>
455 3030 483 3032 —
496 3017 609 3046 gloriam
623 3024 677 3040 oni.
696 3018 716 3040 Α
733 3018 856 3040 —nobis
872 3018 892 3040 Β

683 363 731 392 LE
756 361 900 391 LIBER
923 357 1157 389 CENSUUM
1183 357 1237 386 DE
1261 351 1448 386 L’EGLISE
1472 357 1683 387 ROMAINE.

1264 427 1386 451 sentem
1404 427 1433 451 et
1454 422 1492 451 ad
1513 422 1652 451 suturam
1674 422 1810 460 gloriam
1833 422 2164 460 valdenecessarium,
2183 425 2236 454 vi-

1262 475 1377 504 delicet
1394 484 1530 512 regnum
1550 475 1707 514 Hispanie
1723 484 1759 504 ex
1780 475 1924 514 antiquis
1945 476 2235 508 constitutionibus

1263 527 1354 557 beato
1371 528 1464 557 Petro
1487 533 1516 557 et
1534 532 1641 558 sancte
1659 529 1803 558 Romane
1826 527 1959 558 ecclesie
1979 529 2013 558 in
2031 530 2085 568 jus
2109 534 2140 560 et
2164 538 2236 569 pro-

1263 580 1429 618 prietatem
1454 581 1606 610 traditum
1631 590 1714 618 esse,
1734 580 1818 620 quod
1842 581 1998 611 nimirum
2024 581 2179 612 hactenus
2204 586 2236 613 et

1264 634 1489 672 preteritorum
1516 639 1692 672 temporum
1717 633 1921 664 incommoda
1943 638 1973 663 et
1995 639 2235 665 antecessorum

1266 691 1447 716 nostrorum
1464 687 1561 716 tacuit
1582 687 1787 725 negligentia.
1807 687 1890 716 Nam
1912 691 2080 725 postquam
2098 697 2236 726 regnum

1264 739 1343 768 illud
1371 748 1389 768 a
1416 739 1601 769 Sarracenis
1626 749 1795 778 pervasum
1823 744 1870 770 est
1897 744 1927 770 et
1954 740 2122 770 servitium
2149 740 2237 780 quod

1265 791 1355 821 beato
1384 792 1479 822 Petro
1509 793 1583 822 inde
1613 793 1733 823 solebat
1757 793 1826 822 fieri
1855 797 1982 831 propter
2007 793 2236 824 infidelitatem

1265 853 1375 874 eorum
1393 849 1423 874 et
1439 845 1632 875 tirannidem
1649 846 1815 876 detentum
1838 846 1877 875 ab
1900 855 1960 876 usu
1983 850 2168 876 nostrornm
2193 850 2238 877 tot

1266 897 1362 927 annis
1380 898 1590 937 interceptum
1609 903 1666 936 est,
1682 899 1799 937 pariter
1813 899 1909 928 etiam
1928 909 2035 934 rerum
2053 903 2083 929 et
2098 900 2238 938 proprie-

1268 950 1340 979 tatis
1364 951 1518 980 memoria
1543 951 1645 980 dilabi
1667 951 1761 990 cepit.
1792 952 1912 981 Verum
1936 952 2144 990 quia-divina
2170 952 2238 982 cle-

1268 1004 1388 1033 mentia
1404 1012 1553 1034 concessa
1573 1005 1660 1035 vobis
1678 1005 1712 1034 in
1730 1005 1835 1035 hostes
1857 1005 1928 1035 illos
1948 1015 2138 1045 semperque
2159 1015 2240 1036 cou-

1267 1057 1408 1086 cedenda
1434 1058 1565 1087 victoria
1596 1063 1711 1088 terram
1739 1059 1773 1088 in
1803 1068 1919 1088 manus
1947 1064 2068 1089 vestras
2096 1059 2238 1098 tradidit,

1270 1109 1406 1139 ulterius
1424 1119 1477 1140 vos
1493 1119 1620 1140 causam
1642 1111 1724 1141 hanc
1745 1112 1893 1148 ignorare
1915 1111 2083 1149 nolumus,
2104 1121 2144 1142 ne
2166 1112 2242 1151 quis

1270 1172 1430 1202 supernus
1444 1163 1561 1193 arbiter
1580 1164 1687 1202 legum
1705 1173 1741 1194 ae
1753 1164 1882 1202 justit-ie
1898 1165 2043 1194 conditor
2058 1165 2097 1194 de
2113 1174 2242 1204 recupe-

1270 1215 1369 1245 randa
1388 1216 1518 1254 justicia
1539 1221 1569 1246 et
1592 1217 1713 1246 honore
1732 1218 1814 1246 beati
1834 1218 1918 1248 Petri
1935 1219 2069 1256 ejusque
2087 1223 2194 1248 sancte
2211 1222 2243 1249 et

1268 1269 1438 1307 apostolice
1459 1270 1542 1299 sedis
1559 1270 1660 1308 glorie
1678 1275 1781 1301 vestro
1804 1271 1842 1300 ad
1861 1272 1941 1301 bene
1958 1272 2149 1301 merendum
2167 1280 2243 1302 con-

1271 1322 1344 1351 tulit
1368 1323 1458 1352 nobis
1483 1328 1538 1352 aut
1561 1324 1648 1353 vobis
1675 1333 1710 1353 ex
1736 1324 1954 1354 taciturnitate
1979 1325 2011 1353 in
2042 1324 2244 1363 negligentia

1269 1375 1396 1413 culpam
1412 1380 1465 1406 ant
1483 1376 1570 1406 vobis
1587 1386 1622 1406 ex
1640 1377 1840 1414 ignorantia,
1857 1377 1941 1416 quod
1967 1378 2061 1414 absit,
2079 1378 2117 1407 ad
2144 1378 2244 1408 detri-

1270 1434 1415 1458 mentum
1447 1430 1604 1468 proposite
1634 1434 1664 1459 et
1692 1430 1848 1460 divinitus
1881 1430 1985 1461 oblate
2022 1431 2243 1461 retributionis

1268 1482 1431 1518 obveniat,
1446 1486 1475 1512 et
1491 1488 1610 1512 cetera.

1232 1655 1368 1684 LXXII.
1392 1672 1431 1676 —
1455 1655 1502 1684 DE
1524 1664 1670 1685 cenetens
1681 1657 1706 1676 ⁹⁸
1731 1664 1800 1685 sive
1820 1665 1958 1686 'rn1t3u'ro
1975 1665 2010 1686 cc
2028 1665 2241 1687 BISANTIORUM

1271 1717 1350 1742 Quos
1377 1718 1476 1737 nassar
1500 1717 1560 1737 nex
1587 1708 1751 1739 Cimonis
1775 1718 1878 1743 ATQUE
1902 1709 2067 1739 DALMATIE
2089 1719 2127 1739 m·
2151 1719 2244 1740 Fine-

1271 1771 1383 1791 LITATE
1399 1771 1541 1791 accessu:
1561 1762 1694 1791 [zozima
1712 1771 1865 1791 PnesrirA
1882 1772 1920 1792 Au
1937 1771 2051 1792 EODEM.

1311 1869 1355 1897 Ex
1379 1868 1491 1898 sinodo
1519 1869 1627 1898 liabita
1653 1869 1683 1897 in
1712 1868 1872 1898 Dalmatia
1898 1878 1913 1897 a
1940 1869 2052 1907 legatis
2079 1869 2138 1899 VII
2165 1879 2244 1908 pape

1272 1922 1438 1959 Gregorii.
1459 1922 1581 1951 s¹·ilicet
1596 1932 1613 1950 a
1629 1922 1789 1951 Gebizone
1813 1928 1886 1951 tunc
1908 1922 2097 1951 monasterii
2121 1927 2245 1953 sancto-

1273 1985 1344 2004 rum
1366 1976 1514 2005 Bonifatii
1533 1980 1562 2004 et
1581 1975 1684 2004 Alexii
1702 1975 1833 2010 abbate,
1853 1984 1938 2004 nunc
1954 1977 1977 1996 ⁹⁷
1996 1984 2068 2005 vero
2089 1975 2245 2005 Cesenate

1272 2028 1416 2066 episcopo
1438 2037 1561 2057 necnon
1586 2032 1615 2057 et
1639 2037 1656 2057 a
1679 2028 1831 2057 Folcuino
1854 2028 1932 2057 Foro
1956 2028 2134 2066 Simpronii
2160 2028 2244 2067 epis-

1272 2089 1358 2118 copo,
1377 2090 1437 2119 que
1455 2081 1587 2109 sinodus
1610 2081 1744 2110 liabetur
1761 2081 1794 2109 in
1812 2080 1942 2110 archivo
1960 2081 2040 2109 sacri
2058 2081 2166 2119 palatii
2187 2081 2243 2110 La-

1274 2133 1466 2167 teranensis,
1486 2133 1517 2161 in
1544 2142 1607 2171 qua
1629 2133 1666 2162 de
1689 2142 1788 2170 regno
1809 2137 1838 2161 et
1861 2133 1899 2162 de
1925 2142 1996 2170 rege
2016 2133 2176 2163 Dalmatio
2201 2134 2245 2163 ita

1273 2187 1356 2215 inter
1373 2191 1474 2216 cetera
1492 2186 1620 2223 legitur.

1313 2239 1349 2268 In
1381 2239 1513 2267 nomine
1544 2245 1652 2268 sancte
1684 2245 1713 2268 et
1744 2239 1913 2269 individue
1944 2240 2130 2276 Trinitatis,
2157 2248 2245 2269 anno

1273 2292 1437 2322 dominice
1470 2293 1704 2321 incarnationis
1736 2293 1925 2328 MLXXVI,
1954 2293 2130 2323 indictione
2156 2302 2242 2330 xun,

1274 2354 1384 2374 mense
1403 2345 1543 2380 octobri,
1569 2354 1626 2382 ego
1650 2346 1833 2374 Demetrius
1851 2345 1905 2383 qui
1928 2350 1957 2374 et
1979 2345 2138 2374 Suinimir
2159 2354 2244 2374 nun-

1273 2407 1382 2436 cupor,
1412 2398 1468 2426 Dei
1495 2398 1596 2435 gratia
1622 2398 1772 2427 Cliroaitie
1805 2398 2027 2436 llailtnsttieque
2053 2399 2135 2433 dux,
2171 2408 2188 2427 a
2216 2403 2244 2428 te

1274 2452 1391 2480 domne
1419 2451 1552 2487 Gebizo,
1576 2461 1610 2480 ex
1638 2451 1810 2489 apostolice
1836 2451 1923 2481 sedis
1947 2451 2108 2488 legatione
2132 2452 2244 2482 domni

1274 2505 1374 2534 nostri
1390 2513 1466 2542 pape
1478 2504 1623 2541 Gregorii
1637 2509 1822 2542 potestatem
1837 2504 1998 2540 obtinens,
2012 2505 2042 2533 in
2058 2504 2246 2534 salonitana

1274 2557 1405 2586 basilica
1423 2558 1521 2585 sancti
1542 2557 1624 2586 Petri
1644 2557 1779 2586 sinodali
1797 2562 1823 2585 ct
1843 2557 1994 2586 concordi
2013 2557 2107 2586 totius
2120 2557 2196 2586 cleri
2215 2561 2245 2586 et

1274 2610 1379 2648 populi
1411 2610 1566 2639 electione
1598 2610 1636 2639 «le
1671 2610 1882 2639 Clu-oxitornm
1918 2609 2245 2648 Dalmatinorumque

1275 2664 1364 2700 regni
1383 2663 1542 2700 regimine
1562 2672 1615 2701 per
1633 2662 1805 2698 vexillum,
1825 2672 1947 2697 ensem,
1967 2667 2125 2700 sceptrum
2146 2666 2175 2692 et
2191 2671 2243 2692 co-

1267 2847 1272 2866 1
1292 2842 1323 2865 ad
1339 2849 1393 2866 om.
1409 2842 1430 2865 A
1445 2855 1473 2858 —-
1489 2847 1512 2866 15
1525 2842 1661 2871 justitio...
1677 2842 1783 2871 justitia
1799 2842 1820 2864 Α
1835 2854 1863 2857 -
1880 2846 1903 2865 ts
1917 2841 1996 2864 nobis
2011 2847 2066 2864 om.
2079 2840 2100 2863 D
2114 2853 2141 2857 —
2153 2839 2244 2870 vobis]

1234 2887 1314 2909 nobis
1331 2886 1402 2909 ABD
1419 2875 1421 2877 Ι

1265 2936 1293 2955 26
1310 2931 1445 2954 Zebizonc
1460 2930 1479 2953 A
1496 2937 1569 2953 nunc
1588 2931 1718 2960 episcopo
1736 2938 1792 2953 om.
1812 2929 1832 2953 D
1850 2943 1879 2946 —
1895 2929 1928 2952 do
1944 2929 1999 2952 201.
2017 2936 2073 2952 om.
2089 2929 2161 2952 ABD

1265 2980 1294 3000 32
1312 2977 1351 2999 lit.
1366 2982 1421 2998 om.
1435 2975 1506 2998 ADD
1520 2988 1545 2991 —
1558 2978 1589 2999 34
1603 2974 1710 2998 octubri
1723 2974 1744 2997 Α
1757 2973 1973 3004 —providentia
1987 2973 2057 2997 ABD
2071 2986 2101 2990 —-
2114 2977 2143 2998 35
2158 2972 2246 2997 Croa-

1234 3020 1270 3042 tie
1289 3020 1310 3042 A
1326 3032 1356 3035 —-
1372 3022 1427 3049 opt.
1446 3019 1492 3042 An

2292 910 2323 930 ΚΦ

2295 1173 2326 1194 ¹5

2299 2137 2329 2157 ³0

2299 2403 2329 2423 ³5

2297 2666 2328 2685 ⁴⁰
