2434 3530
113 879 136 897 10

107 1408 133 1427 20

108 1936 131 1953 30

104 2198 130 2217 35

101 2462 129 2480 40

102 2725 128 2744 45

719 333 767 361 LE
793 333 937 362 LIBER
960 332 1191 363 CENSUUM
1217 334 1270 363 DE
1295 326 1480 365 L'EGLISE
1504 337 1713 367 ROMAINE.

211 396 301 425 nium
326 401 508 425 sanctorum
535 398 624 426 uberi
650 398 871 428 benedictione
895 398 1062 437 locupleta,
1087 404 1117 427 et
1140 399 1172 427 in

209 449 338 486 sotium]
355 450 444 487 regni
461 450 569 488 [firma
595 451 768 480 stabilitate
792 456 930 481 conecto.
960 452 1058 480 Visita
1087 461 1172 487 eum,

209 502 292 531 sicut
309 502 440 540 Moysen
460 503 492 531 iu
510 503 607 538 rubo,
630 504 741 533 desum
762 504 849 533 Nave
866 504 898 533 in
917 504 1025 542 prelio,
1044 504 1172 533 Gedeou

209 554 241 583 in
266 563 357 591 agro,
380 554 563 584 Samuelem
592 556 622 584 in
646 556 778 594 templo,
801 561 831 585 et
853 556 907 585 illa
931 565 1002 585 eum
1023 556 1172 585 benedic-

211 607 297 635 tione
322 607 444 636 siderea
476 616 511 637 ac
544 608 702 646 sapientie
731 613 782 637 tue
809 617 877 638 rore
911 609 1083 647 perfunde,
1109 618 1172 646 qua

209 659 317 688 beatus
339 659 438 688 David
460 659 491 688 in
515 661 680 698 psalterio,
704 660 854 690 Salomon
878 661 964 690 tilius
986 661 1054 699 ejus
1075 666 1101 690 te
1123 670 1172 690 re-

209 717 399 741 numerante
417 713 553 750 percepit
568 721 584 741 e
601 712 678 742 celo.
704 713 753 742 Sis
777 713 804 742 ei
828 717 936 742 contra
955 714 1040 743 acies
1063 714 1173 742 iuimi-

207 773 316 794 corum
332 764 441 799 lorica,
459 764 490 792 iu
509 763 653 793 adversis
664 764 766 801 galea,
783 765 814 794 iu
834 766 992 804 prosperis
1008 766 1172 803 patientia,

207 817 239 846 in
267 817 458 855 protectione
480 816 602 854 clipeus
626 817 852 856 sempiternus.
875 819 983 847 presta
1007 824 1037 847 ut
1064 823 1173 857 gentes

207 868 255 898 illi
275 873 402 898 teneant
420 869 534 904 fidem,
561 878 705 907 proceres
726 870 774 898 sui
796 870 933 899 habeant
954 880 1078 909 pacem,
1097 871 1172 900 dili-

206 926 282 958 gant
304 921 484 956 caritatem,
503 921 686 951 abstineant
703 931 735 951 se
755 931 772 950 a
792 923 976 960 cupiditate,
1001 923 1173 961 loquantur

204 973 381 1011 justiciam,
398 973 578 1003 custodiant
591 974 774 1011 veritatemg
791 976 875 1003 etita
889 974 1023 1013 populus
1039 975 1093 1003 ille
1108 975 1174 1013 pul·

206 1026 284 1055 lulet
304 1026 437 1056 coalitus
459 1026 683 1056 bencdictione
705 1027 882 1056 eternitatis
907 1031 939 1056 ut
963 1037 1088 1065 semper
1108 1037 1172 1056 ma-

208 1082 304 1108 neant
327 1079 538 1118 tripudiantes
563 1080 594 1108 in
620 1089 693 1117 pace
719 1080 863 1110 victores.
886 1080 977 1116 Quod
1002 1080 1069 1118 ipse
1087 1090 1174 1118 pres—

207 1136 272 1161 tare
288 1132 452 1169 dignetur.

248 1185 368 1214 Demea
400 1194 524 1214 νΑυΑΝΤ
561 1195 642 1214 ANTE
678 1194 911 1215 CONFESSIONEM
947 1195 1036 1215 naim
1075 1186 1172 1215 Pss'rm

205 1247 374 1272 Arosroci.
404 1248 441 1267 ΕΤ
472 1247 676 1268 PROSTERNAT
707 1247 741 1267 sa
772 1247 896 1268 priosum
928 1248 958 1268 ιΝ
986 1248 1104 1273 Tanna,
1135 1249 1173 1268 ET

204 1300 453 1321 AiicmoiAcoxus
472 1301 583 1320 racwr
600 1300 769 1320 LETANIAM.
787 1291 856 1326 Qua
873 1301 990 1327 rimi-³,
1009 1300 1172 1321 EPISCOPUS

206 1345 396 1374 llosrnzssis
411 1353 514 1374 uxGAT
532 1353 560 1372 Et
580 1354 616 1373 ne
633 1353 712 1373 oceo
728 1353 916 1375 ΕιιοιιοιΖΑΤο
929 1354 1089 1374 aimei-timi
1102 1355 1173 1374 Dex-

203 1407 291 1427 τιιιίι
309 1407 346 1426 ET
363 1407 455 1426 isi-sn
474 1406 642 1433 sewums,
661 1407 700 1426 m*
718 1407 808 1426 mear
826 1407 907 1427 usuc
923 1407 1104 1428 ORATlONEM
1124 1407 1130 1426 z

246 1450 382 1480 Domine
401 1450 487 1479 Deus
502 1450 724 1487 omnipotens,
743 1451 834 1488 cujus
851 1455 896 1479 est
915 1451 1021 1480 omnis
1039 1454 1173 1489 potestas

204 1507 234 1533 et
262 1503 420 1540 dignitas,
450 1507 478 1531 te
505 1503 643 1540 supplici
672 1502 840 1532 devotione
866 1508 961 1541 atque
987 1503 1173 1532 humillima

204 1565 295 1594 prece
324 1555 544 1593 deposcimus,
580 1559 613 1583 ut
645 1555 721 1584 huic
753 1555 874 1584 famulo
904 1559 955 1584 tuo
984 1564 1170 1593 prosperum

203 1609 408 1648 imperatorie
436 1608 602 1646 diguitatis
623 1608 778 1638 concedas
800 1608 966 1644 effectum,
995 1613 1028 1637 ut
1054 1608 1087 1637 in
1118 1612 1172 1637 tua

202 1662 410 1701 dispositione
435 1661 610 1691 constituto
633 1661 672 1690 ad
692 1661 864 1698 regendam
891 1660 1063 1690 Ecclesiam
1085 1664 1170 1689 tuam

203 1720 345 1744 sanctam
373 1714 454 1743 nihil
483 1715 510 1744 ei
541 1715 700 1752 presentia
724 1714 882 1748 officiant,
909 1714 1080 1751 suturaque
1106 1722 1168 1742 non

201 1768 370 1803 obsistant,
389 1768 442 1796 sed
464 1767 645 1805 inspirante
665 1767 766 1796 sancti
783 1767 922 1805 Spiritus
940 1767 983 1795 tui
1002 1766 1096 1801 dono,
1116 1775 1170 1804 po-

202 1820 312 1859 pulum
327 1821 386 1849 sibi
400 1820 563 1849 subditum
579 1820 801 1858 eqnojusticie
814 1820 985 1849 libramine
997 1828 1106 1856 regere
1119 1828 1169 1848 va-

202 1873 274 1909 leat,
289 1879 318 1902 et
337 1873 367 1902 iu
386 1873 537 1902 omnibus
553 1873 701 1910 operibus
713 1873 780 1902 suis
796 1877 823 1902 te
837 1881 962 1910 semper
977 1873 1095 1906 timeat,
1112 1872 1168 1901 tibi

197 1926 320 1964 ,iugiter
341 1926 463 1964 placere
488 1925 672 1955 contendat.
696 1926 794 1954 Per...
813 1925 845 1954 in
868 1925 989 1954 unitate
1011 1925 1166 1963 ejusdem.

239 1978 402 2013 SEQmTcn
424 1988 482 2007 acc
500 1987 616 2009 oui-irio
634 1987 640 2007 z

240 2032 326 2061 Deus
349 2031 406 2060 Dei
432 2031 517 2060 filius
533 2032 628 2060 Jesus
645 2031 794 2061 Clu-istus
811 2031 961 2060 dominus
981 2036 1096 2065 noster,
1112 2032 1167 2069 qui

199 2093 216 2114 a
241 2085 333 2114 Patre
351 2084 420 2114 oleo
446 2083 653 2113 exultationis
676 2087 792 2113 unctus
815 2088 862 2113 est
884 2093 938 2121 pre
960 2083 1168 2122 participibus

199 2137 286 2172 suis,
307 2137 373 2175 ipse
395 2146 449 2174 per
473 2141 650 2174 presentem
677 2136 758 2165 sacri
785 2136 940 2173 unguinis
961 2136 1167 2171 effusionem,

200 2189 339 2228 Spiritus
368 2189 516 2218 l‘aracliti
543 2197 638 2227 super
661 2193 755 2226 caput
780 2192 868 2218 tuum
898 2188 1047 2217 infundat
1071 2188 1166 2216 bene-

199 2242 393 2276 dictionem,
420 2241 621 2279 eandemque
642 2250 744 2280 usque
764 2241 801 2270 ad
825 2242 979 2271 interiora
997 2241 1101 2270 cordis
1122 2241 1166 2269 tui

200 2300 365 2333 penetrare
391 2295 502 2328 faciat,
531 2294 685 2332 quatinus
711 2294 769 2324 hoc
795 2294 916 2323 visibili
948 2298 977 2323 et
1010 2293 1167 2322 tractabili

199 2348 282 2377 dono
307 2347 483 2377 invisibilia
508 2347 685 2385 percipere,
707 2351 736 2376 et
760 2346 924 2384 temporali
951 2355 1049 2384 regno
1071 2346 1168 2384 justis

199 2400 462 2430 miserationibus
486 2403 645 2435 exsecuto,
667 2399 851 2429 eternaliter
876 2408 1072 2436 conregnare
1099 2408 1167 2428 me—

199 2453 310 2488 rearis,
333 2455 388 2491 qui
415 2452 500 2481 solus
523 2452 594 2481 siue
617 2457 741 2490 peccato
765 2452 843 2481 vivit
866 2456 895 2481 et.
919 2451 1073 2489 gloriatur
1091 2461 1165 2481 cum

201 2507 265 2536 Deo
285 2507 377 2535 Patre
395 2506 426 2535 iu
446 2506 570 2534 unitate
586 2505 724 2543 Spiritus
741 2505 853 2539 sancti,
873 2514 938 2543 per.

237 2560 356 2588 Danum
374 2568 455 2588 veno
474 2567 625 2588 rosrtrax
644 2558 798 2588 Ronanus
811 2566 934 2587 suasum
949 2567 1031 2586 ANTE
1045 2567 1167 2586 Atrans

196 2621 326 2642 mecum·
346 2621 371 2640 12:
391 2621 528 2640 DtADEMA
549 2620 577 2640 m
595 2620 717 2646 mamre,
736 2619 842 2639 DICENS
859 2619 866 2640 :

236 2665 354 2703 Accipe
373 2665 502 2701 siguum
527 2664 628 2701 glorie
649 2664 682 2692 in
709 2664 840 2693 nomine
863 2663 965 2692 Patris
988 2668 1018 2692 et
1041 2663 1112 2692 Filii
1136 2667 1166 2692 et

197 2718 336 2756 Spiritus
364 2718 463 2747 sancti
480 2741 486 2753 ,
511 2722 544 2746 ut
571 2721 674 2756 spreto
699 2717 833 2755 antiquo
859 2717 957 2753 hoste,
986 2716 1166 2754 spretisque

196 2771 352 2808 contagiis
370 2771 521 2800 viti01um
539 2770 705 2806 omnium,
725 2771 770 2798 sic
783 2769 943 2807 judicium
961 2768 1163 2806 etjustitiam

187 2946 200 2965 3
221 2941 304 2964 rubro
326 2940 346 2964 G
366 2954 396 2958 —
416 2946 439 2966 21
463 2940 595 2970 potestas]
613 2943 702 2964 cetera
719 2947 775 2965 om.
793 2941 814 2963 A
836 2953 864 2956 —
887 2944 916 2964 33
937 2939 1116 2962 exultationis
1138 2943 1164 2961 ct

155 2989 247 3008 cetera
263 2986 294 3014 A,
311 2987 360 3015 qui
378 2987 484 3014 reliqna
501 2986 605 3008 omittit

2204 341 2262 371 421

1296 401 1411 437 diligas
1428 408 1457 430 et
1476 403 1518 431 ita
1541 404 1788 433 misericorditer
1804 405 1907 441 vivas,
1927 410 1958 434 ut
1977 407 2017 435 ab
2036 407 2104 445 ipso
2125 408 2259 439 domino

1298 457 1402 482 nostro
1432 454 1507 483 Jesu
1537 455 1664 485 Clu-isto
1694 457 1724 485 in
1754 458 1918 487 consentio
1948 464 2129 488 sanctorum
2156 461 2262 491 eterni

1297 506 1386 542 regui
1411 515 1561 536 coronam
1587 509 1751 547 percipias.
1774 511 1834 545 Qui
1861 520 1933 539 cum
1960 511 2051 541 Patre
2077 518 2106 541 et
2134 512 2258 551 Spiritu

1294 563 1403 587 sancto
1423 559 1509 588 vivit.

1254 714 1366 743 CLXI.
1391 732 1430 736 —
1450 716 1666 746 JUHAMENTUM
1685 727 1799 748 'rortus
1815 729 1999 750 mritmoxil
2017 731 2106 751 ΒΕΑΤι
2125 722 2221 751 Peru!
2236 724 2260 751 ¹.

1336 820 1384 848 Ab
1401 820 1459 850 hac
1479 821 1555 850 liora
1571 822 1603 850 in
1620 828 1712 852 autea
1729 832 1786 861 ego
1809 824 1863 853 ille
1887 831 2070 863 procurator
2089 827 2184 856 totius
2204 835 2260 864 pa-

1297 872 1439 907 trimonii
1461 873 1543 903 beati
1568 875 1651 904 Petri
1675 876 1806 913 apostoli
1833 877 1916 915 celnod
1945 882 1990 907 est
2014 878 2046 906 in
2069 879 2134 907 illis
2149 884 2179 908 et
2195 878 2262 908 illis

1297 924 1372 954 locis
1386 925 1490 955 tidelis
1507 935 1560 956 ero
1573 932 1681 956 sancte
1700 928 1842 958 Romane
1855 929 1987 959 ecclesie
2004 936 2032 959 ct
2048 931 2178 960 domino
2190 940 2262 961 meo

1298 977 1345 1006 illi
1363 986 1440 1015 pape
1456 979 1586 1016 suisque
1603 981 1838 1010 suecessoribus
1855 981 1911 1019 qui
1927 982 2095 1012 meliorum
2113 983 2260 1012 cardina-

1296 1029 1376 1058 lium
1398 1030 1552 1061 electione
1576 1032 1778 1062 intraverint.
1804 1034 1839 1062 Et
1861 1043 1922 1063 non
1943 1044 2074 1072 queram
2095 1036 2127 1064 iu
2151 1036 2261 1074 aliquo

1296 1082 1444 1112 minuere
1467 1084 1548 1113 bona
1569 1085 1754 1122 patrimonii
1776 1086 1857 1115 beati
1883 1087 1967 1115 Petri
1990 1096 2093 1126 neque
2113 1087 2261 1126 aliquam

1297 1135 1371 1163 inde
1386 1136 1507 1173 absque
1531 1141 1611 1165 nutu
1633 1137 1745 1166 domni
1770 1146 1847 1176 pape
1871 1139 1919 1167 vel
1942 1139 2089 1169 fidelibus
2105 1141 2263 1170 ordinatis

1297 1187 1367 1223 ejus
1383 1187 1628 1217 inVesticionem
1649 1189 1696 1218 vel
1716 1189 1904 1219 locationem
1926 1191 2023 1220 alit-ui
2048 1192 2178 1228 faciam,
2202 1202 2260 1222 ne-

1297 1248 1358 1277 que
1378 1239 1488 1277 aliquo
1509 1241 1672 1269 inveniam
1693 1242 1797 1272 studio
1813 1251 1886 1271 cum
1902 1243 2010 1281 aliquo
2030 1244 2160 1273 homine
2176 1245 2262 1274 intra

1298 1291 1345 1320 vel
1366 1297 1453 1321 extra
1470 1293 1699 1330 patrimonium
1724 1295 1863 1324 faciendi
1888 1295 1935 1324 vel
1960 1297 2133 1334 recipiendi
2156 1306 2263 1326 sacra-

1297 1349 1443 1373 mentum
1466 1350 1520 1374 aut
1544 1346 1732 1375 inveniendi
1755 1347 1930 1377 divisiones
1953 1358 2015 1386 que
2039 1349 2146 1387 aliquo
2169 1349 2264 1379 modo

1297 1397 1442 1426 Romane
1456 1397 1587 1427 ecclesie
1603 1398 1726 1435 obsiut3
1746 1408 1849 1437 neque
1866 1409 1921 1437 per
1934 1410 1984 1429 me
2003 1410 2104 1439 neque
2120 1410 2173 1439 per
2190 1410 2264 1439 sup-

1297 1449 1431 1487 positam
1458 1459 1627 1488 personam
1653 1451 1786 1481 studebo
1815 1452 2045 1491 qualicumque
2071 1454 2164 1483 modo
2189 1454 2263 1483 red-

1295 1501 1391 1531 dendi
1410 1503 1529 1532 malum
1547 1503 1699 1533 meritum
1715 1507 1770 1533 aut
1784 1504 1921 1534 faciendi
1937 1505 2114 1543 dampnum
2129 1506 2264 1536 cuilibet.

1295 1555 1333 1584 de
1357 1555 1506 1585 fidelibus
1536 1560 1643 1585 sancte
1668 1557 1813 1586 Romane
1841 1557 1972 1587 ecclesie
1999 1558 2037 1587 de
2062 1558 2113 1587 his
2135 1568 2198 1597 que
2221 1559 2262 1588 ad

1287 1608 1480 1638 ‘fidelitatem
1498 1609 1566 1647 ejus
1583 1613 1717 1646 egerunt
1735 1610 1784 1639 vel
1803 1615 1909 1648 agent.
1927 1610 1979 1640 Sic
1996 1620 2046 1641 me
2064 1612 2151 1641 Deus
2166 1612 2263 1651 adju-

1295 1665 1345 1689 vet
1361 1666 1390 1690 et
1406 1661 1464 1691 hec
1480 1666 1588 1691 sancta
1605 1662 1778 1699 evangelia.
1796 1663 1885 1698 Quod
1904 1663 1931 1692 si
1947 1668 2056 1693 contra
2074 1664 2130 1694 hec
2148 1666 2261 1694 omnia

1294 1713 1344 1742 vel
1363 1718 1472 1743 contra
1492 1714 1614 1752 aliquid
1632 1715 1747 1744 horum
1768 1715 1942 1754 aliquando
1964 1717 2075 1746 fecisse
2090 1722 2259 1747 accusatus

1293 1766 1422 1805 fuer[o],
1442 1772 1471 1796 et
1488 1766 1537 1796 vel
1551 1768 1641 1805 Juxta
1655 1767 1810 1805 juditium
1831 1768 1942 1797 domui
1964 1778 2040 1807 pape
2058 1769 2106 1798 vel
2125 1771 2194 1807 ejus
2212 1770 2261 1800 le-

1292 1819 1356 1856 gati
1377 1829 1427 1848 me
1449 1819 1524 1849 inde
1551 1828 1612 1849 non
1637 1825 1743 1858 potero
1765 1821 1937 1851 defendere
1959 1822 2008 1851 vel
2032 1822 2165 1852 noluero
2184 1832 2260 1852 cum

1292 1872 1367 1901 inde
1387 1872 1476 1902 suero
1495 1873 1732 1910 interpellatus,
1756 1873 1790 1902 in
1812 1875 1952 1912 presenti
1974 1875 2259 1914 procuratione[m]

1291 1925 1411 1961 absque
1422 1925 1511 1954 omni
1526 1926 1741 1954 controversia
1759 1926 1918 1955 dimittam
1938 1932 1966 1956 et
1986 1927 2116 1965 perjurii
2134 1932 2261 1958 reatum

1290 1977 1486 2006 omnimodis
1502 1978 1628 2015 judicer
1645 1978 1833 2008 iucurrisse.

1250 2135 1381 2164 CLXII.
1415 2152 1452 2157 —
1483 2136 1700 2165 quamssxruu
1732 2136 1769 2165 R.

1291 2197 1439 2218 pessmxs
1470 2197 1490 2217 ιι
1522 2197 1723 2218 pemmonem
1752 2198 1937 2219 PAPtENSmu
1960 2190 2068 2229 [Quin]
2096 2199 2153 2220 pno
2178 2199 2260 2220 uxo-

1808 2145 1896 2166 nccis
1929 2138 2048 2166 Apuuss
2082 2146 2120 2167 DE
2151 2147 2259 2167 mmm

1290 2250 1414 2275 QUOQUE
1430 2250 1508 2271 suno
1531 2250 1615 2270 noun
1641 2241 1774 2271 Romam:
1796 2251 1940 2272 ccccssie
1964 2253 2042 2272 nana
2066 2253 2166 2273 neser
2177 2245 2200 2272 ².

1333 2347 1397 2383 Ego
1421 2347 1579 2375 [tobei-tus
1601 2347 1656 2375 Dei
1674 2347 1775 2384 gratia
1791 2352 1821 2376 et
1836 2348 1937 2376 sancti
1959 2348 2038 2377 Petri
2056 2348 2120 2377 dux
2140 2348 2259 2386 Apulie

1279 2516 1293 2535 5
1312 2516 1410 2533 Torius
1429 2510 1603 2539 PATmMoxtt]
1621 2516 1753 2534 murenis
1769 2517 1902 2534 Texexris
1920 2517 2113 2536 PATRIMONtUM
2132 2513 2170 2539 Α;
2188 2514 2259 2536 {itu-

1249 2556 1307 2577 tum
1326 2561 1381 2578 om.
1400 2554 1420 2577 D
1443 2567 1470 2571 —
1492 2560 1504 2579 ε
1525 2555 1610 2577 totius
1627 2561 1681 2578 om.
1700 2554 1747 2577 ΑΙ)
1769 2567 1797 2571 -—
1817 2560 1829 2579 7
1851 2558 1891 2577 cst
1910 2562 1964 2578 om.
1983 2556 2005 2578 A
2026 2569 2054 2572 —
2074 2556 2110 2578 ill.
2128 2559 2154 2579 et
2170 2557 2197 2578 in
2216 2556 2256 2580 itt.

1248 2599 1308 2621 loco
1326 2598 1372 2621 ΑΙ)
1393 2611 1422 2615 -
1446 2604 1462 2622 ιι
1482 2599 1573 2627 aliqua
1590 2599 1610 2620 Α
1628 2611 1655 2614 -
1673 2603 1697 2623 is
1714 2598 1932 2628 <praeratum>
1948 2602 2016 2628 patr.
2033 2599 2080 2622 AD
2099 2612 2128 2616 -—
2148 2605 2172 2624 21
2191 2606 2257 2629 ege-

1249 2643 1302 2665 rint
1319 2643 1340 2665 A
1356 2655 1385 2659 —-
1402 2642 1532 2671 adjuvent
1550 2642 1570 2665 D
1587 2655 1614 2658 —
1630 2647 1659 2666 24
1676 2643 1757 2665 suerit
1775 2641 1794 2665 C
1812 2655 1839 2658 --
1855 2647 1883 2667 26
1901 2643 2123 2672 procurationem
2140 2643 2173 2672 D,
2190 2651 2258 2674 pro·

1247 2687 1390 2709 curatione
1408 2686 1451 2709 AC
1469 2699 1497 2702 —
1514 2691 1541 2710 27
1559 2686 1650 2708 omnia
1668 2686 1688 2709 D
1706 2699 1734 2703 --
1751 2687 1967 2709 controversiam
1985 2687 2006 2710 D

1277 2735 1306 2755 29
1328 2732 1368 2753 It'l.
1385 2737 1440 2754 om.
1458 2730 1478 2753 D
1500 2743 1528 2747 —-
1549 2736 1581 2753 m:
1598 2736 1690 2754 axum
1707 2731 1769 2753 add.
1787 2738 1814 2757 c,
1829 2736 2017 2754 scizam-:mun
2035 2738 2129 2755 DUCUM
2146 2733 2257 2756 Arnus

1246 2774 1388 2798 CALABIUE
1407 2780 1438 2797 ET
1454 2774 1559 2797 sicum
1577 2775 1599 2796 A

1283 2928 1306 2953 1.
1326 2928 1462 2958 Albinus,
1483 2927 1509 2953 X
1527 2928 1575 2959 38:
1596 2928 1764 2960 Deusdedit,
1783 2928 1825 2954 ΙΙΙ
1845 2929 1902 2955 155.

1281 2976 1307 3003 Q.
1327 2975 1410 3006 Metti,
1421 2977 1489 3002 aeut
1502 2977 1577 3004 ¹059.
1593 2992 1621 2996 ·-
1636 2977 1770 3009 Albinus
1786 2977 1811 3003 X
1825 2977 2183 3012 39;Deusdedit,1[1156.
2195 2979 2254 3006 Ro-

2317 1050 2342 1068 ¹0

2317 1313 2340 1331 15

2316 1572 2342 1591 ΞΟ

2314 2204 2341 2221 3)
