2434 3530
236 353 293 384 336

281 418 356 448 idus
377 417 518 446 octubris
539 421 568 444 et
593 414 735 452 sepultus
759 419 804 443 est
831 414 863 442 in
890 413 1023 442 basilica
1051 412 1134 442 beati
1159 412 1242 441 Petri

277 469 421 508 apostoli.

322 529 504 559 Bonifatius
524 528 603 557 obiit
623 537 685 556 xvn
709 527 752 556 kt.
774 527 958 556 novembris
981 530 1010 555 et
1031 525 1174 564 sepultus
1197 528 1244 555 est

279 582 313 611 in
330 581 461 610 basilica
477 580 559 609 beati
576 580 661 608 Petri
678 579 821 617 apostoli.

317 640 485 670 Joliannes
501 640 571 668 fecit
586 639 806 668 ordinationes
822 648 877 677 per
893 647 1035 668 mensem
1050 637 1240 671 decembriS,

280 692 484 731 presbyteros
508 701 559 727 xv,
591 691 742 721 diaconos
769 700 822 728 vn,
851 691 1016 729 episcopos
1042 700 1095 728 per
1117 690 1243 718 diversa

278 745 347 775 loca
368 753 500 773 numero
516 753 578 772 xxi.
599 743 684 773 Obiit
708 753 736 772 vr
762 743 806 773 kt.
826 743 971 782 januarii
993 748 1021 772 et
1037 742 1180 780 sepultus
1198 745 1243 771 est

278 799 311 827 in
330 796 460 826 basilica
477 797 557 825 beati
576 797 660 825 Petri
677 796 822 834 apostoli.

318 857 476 895 Agapitus
501 856 573 885 tecit
595 856 828 885 ordinationem
850 866 858 885 1
880 856 913 886 in
932 857 1009 885 urbo
1026 857 1136 892 noma,
1155 864 1241 893 pres-

279 911 410 948 byteros
430 919 499 941 vin,
524 909 672 938 diaconos
691 918 752 944 nn,
771 909 932 947 episcopos
952 918 1005 947 per
1026 909 1152 937 diversa
1175 907 1242 936 loca

278 971 414 992 numero
432 971 473 991 xt.
494 961 581 991 Obiit
597 971 613 990 x
630 961 674 990 kl.
692 961 802 990 madii.

318 1022 477 1052 Silverius
493 1022 563 1051 dolo
579 1027 689 1060 captus
708 1026 737 1051 et
754 1022 941 1051 monachica
960 1026 1043 1050 veste
1060 1021 1191 1050 indutus
1213 1025 1243 1049 et

277 1084 296 1104 a
310 1075 455 1112 Lngilio¹
471 1074 698 1104 aicliidiacono
713 1075 743 1103 in
763 1074 893 1103 Pontias
907 1074 1001 1103 exitio
1016 1075 1144 1109 missus.
1161 1082 1241 1111 pane

278 1127 496 1157 tribulationis
524 1131 553 1156 et
581 1136 663 1165 aqua
691 1127 839 1163 angustie
870 1131 1064 1156 sustentatus
1094 1126 1241 1155 defitiens

280 1184 426 1210 mortuns
447 1183 493 1209 est
511 1180 673 1209 confessor
695 1189 736 1208 xn
758 1179 800 1208 kl.
820 1181 906 1218 junii
933 1185 962 1208 et
981 1179 1122 1217 sepnltus
1140 1184 1186 1208 est
1207 1179 1239 1207 in

280 1233 391 1263 eodem
410 1232 489 1262 loco.
516 1233 575 1261 Hic
594 1232 717 1262 levatus
743 1237 789 1261 est
811 1242 827 1261 a
848 1232 1008 1262 Tlieodato
1025 1232 1151 1260 tit-anno
1172 1232 1241 1260 sine

276 1286 507 1315 deliberatione
519 1285 647 1314 decreti.
660 1286 720 1320 Qui
733 1285 914 1314 'I'beodatns
928 1289 1096 1322 corruptus
1108 1285 1241 1321 pecnnia

280 1338 375 1367 talem
396 1338 540 1367 timorem
560 1338 676 1366 indixit
693 1337 775 1366 clero
797 1338 898 1375 utqui
918 1346 978 1366 non
997 1338 1189 1365 consentiret
1206 1337 1239 1365 in

277 1392 349 1429 ejus
363 1390 550 1420 electionem
569 1390 675 1427 gladio
694 1391 873 1428 puniretur.
897 1389 1033 1425 Quidam
1052 1398 1125 1418 vero
1143 1398 1242 1418 sacer-

276 1443 367 1473 dotes
390 1452 452 1472 non
482 1443 738 1480 subscripserunt
761 1444 793 1471 in
819 1452 891 1471 eum
917 1442 1095 1471 secundnm
1120 1450 1239 1470 morem

275 1496 445 1533 antiquum
471 1495 518 1524 vvl
549 1495 710 1524 decretum
737 1495 1010 1524 confirmaverunt
1034 1499 1088 1523 aut
1111 1495 1240 1523 ordina-

277 1549 409 1578 tionem.
434 1548 491 1576 [lic
513 1547 616 1576 taliter
637 1547 825 1585 subscripsit
847 1547 878 1576 in
900 1547 1160 1585 dampnationem
1182 1547 1237 1576 Ju-

275 1600 348 1638 gilii
368 1610 374 1630 :
394 1613 405 1626 <c
426 1601 477 1629 Sit:
493 1601 579 1629 decet
599 1604 781 1629 sanctornm
803 1604 925 1638 patrum
944 1600 1038 1630 fidem
1057 1600 1089 1628 in
1109 1600 1242 1629 ecclesia

276 1654 397 1682 serrari
416 1653 571 1681 catholica
594 1656 625 1681 ut
643 1653 725 1690 qnod
751 1653 862 1681 babuit
879 1653 1003 1682 amittat
1024 1654 1078 1690 qni
1096 1653 1241 1692 improba

277 1706 453 1736 temeritate
465 1706 547 1743 qnod
563 1714 623 1735 non
638 1706 754 1743 accepit
768 1706 987 1743 assumpserit.
1003 1718 1015 1730 n
1031 1706 1086 1734 Ilic
1100 1706 1238 1743 primum

275 1764 344 1798 post
373 1759 455 1787 beati
483 1759 628 1787 Siti-ostri
657 1763 795 1796 tempora
821 1758 891 1786 sine
918 1758 1078 1796 impii-iuli
1106 1768 1239 1788 assensu

274 1811 452 1841 Gothorum
475 1820 570 1839 mzinu
590 1815 635 1839 est
656 1810 822 1839 ordinatus
840 1811 1014 1848 episcopus.
1039 1812 1142 1848 Hujus
1161 1815 1240 1840 tem-

276 1864 405 1902 poribus
419 1864 545 1893 obsessa
561 1868 607 1892 est
620 1864 719 1892 Itonia
732 1872 854 1892 annum
872 1872 879 1891 t
894 1863 926 1892 in
940 1864 1072 1893 circuitu
1085 1873 1101 1892 a
1114 1864 1239 1900 Gothis,

274 1916 328 1946 sed
352 1916 484 1946 liberata
506 1926 522 1945 a
548 1916 718 1945 Belissario
736 1917 877 1954 patricio.
900 1907 1240 1947 Hict'ecit01·(litiati0-'

276 1978 350 1998 nem
374 1978 382 1997 1
406 1978 459 2007 ser
481 1978 624 1998 mensem
642 1969 832 2005 decembris,
856 1969 1060 2007 presbyteros
1078 1979 1145 2005 xni,
1170 1970 1239 1999 dia-

274 2031 371 2052 conos
390 2031 419 2058 v,
437 2022 597 2060 episropos
615 2031 667 2059 per
683 2022 809 2051 diversa
826 2021 891 2051 loca
909 2031 1045 2052 numero
1063 2032 1123 2051 xix.

319 2081 459 2119 Vigilins
482 2082 555 2110 fecit
581 2081 799 2111 ordinationes
820 2091 841 2110 11
867 2090 921 2120 per
947 2091 1090 2111 mensem
1113 2083 1240 2112 decem-

275 2135 352 2169 bris,
370 2135 571 2172 presbyteros
588 2143 670 2170 xtvi,
688 2134 837 2164 diaconos
855 2144 918 2171 xvi,
939 2135 1102 2173 episcopos
1121 2145 1176 2174 per
1190 2136 1239 2165 di-

275 2196 368 2217 versa
388 2186 455 2217 loca
479 2195 612 2216 numero
634 2196 734 2216 Lxxxr.
759 2187 846 2216 Obiit
850 2209 909 2218 .....
932 2192 962 2217 et
979 2188 1122 2226 sepultus
1138 2193 1185 2218 est
1201 2189 1240 2218 ad

273 2242 459 2270 sanctum..¹
475 2240 523 2268 via
541 2239 672 2268 Salaria.
690 2240 794 2277 Hujus
809 2240 1007 2278 temporibus
1022 2241 1179 2271 celebrata
1196 2247 1242 2272 est

273 2301 293 2320 v
318 2292 462 2321 sinodus.
493 2292 549 2321 tlte
575 2292 648 2321 licet
674 2292 894 2322 fraudulenter
923 2295 1093 2332 accepisset
1117 2295 1241 2333 episco-

272 2349 383 2383 patum
409 2349 512 2373 tamen
540 2345 613 2373 facti
635 2345 775 2383 penituit
803 2349 833 2375 et
862 2346 934 2376 ideo
959 2347 992 2375 in
1020 2347 1116 2377 exilio
1142 2348 1240 2377 vitam

272 2397 394 2427 finivit.
416 2398 521 2435 Hujus
544 2398 741 2436 temporibus
763 2402 852 2437 capta
877 2404 923 2428 est
947 2400 1048 2429 Roma
1072 2409 1089 2429 a
1112 2400 1239 2437 Gothis,

272 2450 327 2480 sed
344 2450 546 2488 postmodnm
562 2451 666 2480 occiso
681 2451 783 2480 Totila
799 2457 923 2490 recepta
941 2457 997 2482 est.

314 2510 465 2547 Pelagius
482 2510 622 2548 precepit
640 2515 673 2540 ut
689 2511 865 2540 scismatici
888 2520 942 2550 per
960 2511 1118 2541 seculares
1136 2518 1240 2551 potes-

278 2565 358 2591 tates
384 2563 683 2600 comprimerentur.
712 2563 773 2593 Hic
799 2563 873 2593 fecit
895 2564 1114 2594 ordinationes
1139 2575 1161 2594 11
1187 2575 1242 2605 per

274 2623 422 2644 mensem
449 2615 644 2652 decembris,
674 2616 878 2654 presbyteros
900 2626 988 2653 xxm,
1014 2617 1165 2647 diaconos
1193 2628 1239 2655 ix,

274 2667 439 2706 episcopos
458 2678 513 2706 per
528 2668 656 2697 diversa
671 2668 739 2698 loca
756 2677 891 2699 numero
907 2678 990 2699 xmx.
1008 2670 1133 2699 Obiit...

310 2726 480 2756 Johannes
491 2728 808 2757 seeitordinationem
819 2737 874 2766 per
888 2736 1031 2759 mensem
1048 2730 1238 2769 decembris,

276 2779 479 2818 presbyteros
497 2789 601 2816 xxxix,
619 2780 770 2810 diaconos
784 2790 852 2818 xiii,
870 2781 1033 2820 episcopos
1048 2792 1101 2821 per
1115 2784 1242 2814 diversa

265 2956 287 2981 1.
303 2957 432 2985 Corriqer
444 2957 561 2987 Vigili03
578 2959 711 2987 quelques
726 2960 816 2987 tiques
830 2961 897 2988 plus
913 2961 960 2983 bas
973 2967 1010 2984 οη
1027 2963 1124 2986 trouve
1140 2970 1241 2987 encore

230 3000 328 3031 Jngttii
342 3007 416 3028 pour
431 2999 535 3029 Vigilii.

784 349 834 377 LE
861 348 1002 377 LIBER
1025 346 1257 376 CENSUUM
1284 345 1337 374 DE
1362 337 1547 375 L'EGLISE
1570 344 1780 374 ROMAINE.

1365 411 1431 440 loca
1454 420 1587 441 numero
1609 421 1668 440 th.
1694 410 1782 440 Obiit
1801 420 1828 440 tx
1853 410 1898 440 kt.
1918 412 2044 448 augusti
2066 416 2096 440 et
2118 410 2263 449 sepultus
2282 415 2329 440 est

1365 463 1398 492 in
1417 463 1549 492 basilica
1566 463 1647 493 beati
1666 463 1751 492 Petri
1769 464 1913 501 apostoli.

1407 515 1572 545 Benedicti
1596 521 1736 554 tempore
1760 515 1959 552 Longobardi
1979 515 2168 544 invaserunt
2189 515 2326 545 ltaliam.

1367 569 1427 598 Hic
1444 569 1517 597 fecit
1531 568 1752 597 ordinationes
1771 577 1790 596 ιι
1806 576 1859 606 por
1876 577 2019 597 mensem
2035 568 2225 601 decembris,
2243 576 2328 606 pres-

1366 621 1547 659 byteros...‚
1563 620 1713 649 diaconos
1730 629 1772 652 xi.
1793 620 1955 658 episcopos
1972 629 2026 657 per
2044 620 2170 649 diversa
2185 619 2252 649 loca
2269 628 2329 649 nu·-

1365 682 1452 702 mero
1469 683 1509 702 xr.
1530 673 1655 703 Obiit...
1676 676 1705 701 et
1718 672 1863 710 sepultus
1881 673 1975 701 estin
1995 672 2126 701 basilica
2143 672 2225 702 beati
2245 672 2329 702 Petri

1364 726 1506 764 apostoli.

1407 779 1555 816 Pelagius
1576 779 1649 807 l'ecit
1667 778 1888 807 ordinationes
1911 787 1931 806 ιι
1957 787 2011 815 per
2035 787 2177 806 mensem
2203 778 2330 807 decem-

1365 832 1446 865 bris,
1468 831 1668 869 presbyteros
1694 840 1808 867 xxvnr,
1832 831 1981 860 diaconos
2005 840 2062 865 vn,
2088 830 2250 868 episcopos
2276 839 2331 869 pet·

1364 885 1491 913 diversa
1514 884 1579 913 loca
1605 892 1740 913 numero
1758 893 1867 912 xm-nl.
1894 883 1982 913 Obiit
2001 883 2052 912 die
2069 893 2110 912 vn
2129 883 2284 912 februarii
2300 886 2331 912 et

1364 937 1508 975 sepultus
1524 937 1607 975 apud
1624 937 1750 965 beatum
1770 937 1900 965 Petrum
1916 936 2108 974 apostolum.

1403 989 1579 1026 Gregorius
1601 989 1748 1025 dialogus
1770 989 1837 1017 dies
1862 993 1984 1018 nostros
2007 990 2038 1017 in
2063 998 2137 1027 pace
2159 989 2327 1027 disposuit.

1367 1043 1423 1071 Hie
1451 1042 1618 1071 constitnit
1643 1047 1676 1071 ut
1703 1051 1799 1079 supra
1824 1050 1937 1079 corpus
1965 1041 2045 1070 beati
2071 1042 2155 1071 Petri
2181 1047 2211 1071 et
2235 1041 2330 1071 Pauli

1365 1096 1460 1123 misse
1474 1094 1724 1123 celebrarentur.
1743 1094 1802 1123 Hic
1817 1094 1888 1123 fecit
1902 1094 2123 1123 ordinationes
2136 1104 2168 1130 ιι,
2180 1103 2276 1123 unam
2295 1094 2330 1123 in

1364 1147 1609 1185 quadragesima
1629 1151 1657 1175 et
1673 1146 1768 1175 attam
1787 1146 1819 1174 in
1840 1155 1948 1175 mense
1965 1146 2112 1183 septimo,
2128 1147 2331 1185 presbyteros

1364 1209 1471 1234 xxxix,
1490 1199 1638 1228 diaconos
1654 1208 1685 1234 v,
1704 1198 1865 1236 episcopos
1888 1207 1941 1236 per
1960 1198 2084 1227 divorsa
2104 1198 2170 1227 loca
2197 1206 2333 1228 numero

1365 1262 1438 1282 an.
1467 1252 1553 1281 Obiit
1578 1261 1623 1280 ιιιι
1646 1252 1718 1280 idus
1740 1251 1848 1280 martii
1874 1255 1904 1280 ot
1924 1250 2068 1289 sepultus
2085 1256 2131 1280 est
2146 1251 2183 1280 ad
2203 1251 2330 1280 beatum

1365 1306 1494 1334 Petrum
1513 1305 1690 1342 apostolum
1708 1308 1781 1332 ante
1799 1304 2019 1332 secretarium.

1403 1358 1601 1387 'savinianus
1631 1357 1699 1395 (sic)
1731 1357 1803 1385 fecit
1829 1357 1994 1395 episcopos
2023 1366 2078 1394 per
2107 1357 2233 1386 diversa
2263 1356 2331 1386 loca

1365 1419 1499 1439 numero
1519 1419 1603 1439 xxvi.
1626 1410 1715 1439 Obiit
1736 1419 1790 1438 vni
1816 1409 1859 1438 kt.
1881 1410 1988 1438 martii
2014 1415 2045 1438 et
2067 1410 2210 1447 sepultus
2231 1409 2328 1439 estin

1326 1480 1331 1486 ·
1363 1463 1495 1493 ecclesia
1516 1463 1596 1492 beati
1616 1463 1701 1491 Petri
1717 1462 1862 1500 apostoli.

1406 1515 1586 1545 Bonifatius
1603 1516 1768 1544 constituit
1786 1520 1818 1543 ut
1836 1515 2000 1544 Romanus
2023 1515 2159 1553 pontifex
2187 1524 2248 1544 non
2274 1515 2331 1545 de-

1363 1569 1433 1598 beat
1450 1568 1528 1605 eligi
1544 1568 1605 1597 nisi
1625 1572 1691 1605 post
1709 1568 1835 1596 tertium
1855 1567 1936 1596 diem
1955 1567 2162 1606 depositionis
2178 1568 2226 1596 sni
2244 1572 2329 1598 ante·

1363 1621 1508 1651 cessoris.
1540 1621 1600 1650 Hic
1620 1621 1692 1650 [ecit
1715 1621 1877 1659 episcopos
1901 1630 1954 1659 per
1971 1621 2095 1649 diversa
2112 1621 2177 1650 loca
2197 1630 2331 1652 numero

1363 1684 1444 1711 xx113
1460 1674 1538 1703 obiit
1553 1683 1572 1703 ιι
1591 1674 1662 1703 idus
1679 1673 1861 1702 novembris
1877 1678 1906 1703 et
1923 1674 2067 1712 sepultus
2084 1674 2177 1703 estin
2196 1673 2331 1704 ecclesia

1363 1728 1443 1757 beati
1465 1727 1550 1756 l‘etri
1567 1726 1710 1764 apostoli.

1407 1780 1775 1817 Bonifatiusimpetravit
1789 1788 1804 1807 a
1816 1779 1928 1808 Focale
1943 1779 2096 1817 ternplum
2114 1779 2254 1807 l‘atlieon
2266 1778 2332 1817 (sic)

1363 1838 1392 1862 et
1413 1832 1572 1862 dedicavit
1596 1841 1670 1861 eum
1693 1832 1724 1860 in
1748 1832 1869 1861 bonore
1893 1837 2000 1860 sain-te
2020 1832 2118 1861 Mai-ie
2136 1837 2166 1860 et
2182 1832 2331 1861 omnium

1362 1891 1557 1915 sanctorum.
1581 1886 1640 1915 Hic
1661 1885 1732 1914 tecit
1751 1885 1970 1914 ordinationes
1990 1894 2010 1913 ιι
2034 1894 2086 1923 per
2108 1893 2252 1914 mensem
2274 1884 2332 1914 de-

1363 1939 1516 1973 cembris,
1543 1938 1743 1976 presbyteros
1767 1946 1801 1973 x,
1825 1937 1976 1967 diaconos
1999 1947 2070 1973 νιιι,
2091 1937 2254 1975 episcopos
2277 1946 2332 1976 per

1362 1982 1586 2021 diversaioea
1615 1999 1750 2020 numero
1783 1999 1888 2019 xxxvt.
1916 1990 2004 2020 Obiit
2029 1999 2085 2019 vni
2115 1989 2157 2018 kt.
2187 1989 2274 2028 junii
2302 1993 2334 2019 et

1362 2045 1506 2084 sepultus
1522 2045 1621 2074 estad
1639 2044 1765 2073 beatum
1785 2043 1914 2073 Petrum
1931 2043 2120 2081 apostolum.

1404 2097 1578 2127 Dousdedit
1591 2097 1754 2126 constituit
1768 2101 1801 2125 ut
1817 2096 1957 2126 secunda
1972 2096 2069 2125 missa
2083 2096 2173 2125 [ieret
2184 2096 2215 2125 in
2233 2095 2329 2126 clero.

1363 2151 1426 2180 Hic
1439 2151 1512 2179 fecit
1525 2149 1744 2179 ordinationes
1758 2158 1804 2184 ιιι,
1820 2149 2024 2187 presbyteros
2038 2157 2116 2185 xntt,
2133 2148 2284 2179 diaconos
2298 2158 2330 2185 v,

1362 2204 1526 2242 episcopos
1550 2211 1605 2240 per
1632 2202 1759 2231 diversa
1785 2201 1852 2231 loca
1878 2209 2015 2231 numero
2041 2210 2150 2230 xxvnt.
2182 2201 2273 2231 Obiit
2298 2210 2331 2231 vr

1363 2257 1434 2286 idus
1460 2255 1646 2285 novembris
1664 2259 1694 2284 et
1712 2254 1855 2292 sepultus
1874 2258 1920 2283 est
1936 2253 2020 2292 apud
2040 2254 2168 2283 beatum
2187 2254 2328 2283 Petrum.

1406 2308 1585 2339 Bonifatius
1615 2308 1674 2337 snb
1707 2307 1912 2337 anathemate
1947 2307 2114 2336 interdixit
2151 2311 2185 2336 ut
2221 2306 2332 2337 nullus

1362 2363 1477 2392 audeat
1493 2362 1530 2391 de
1548 2361 1691 2391 ecclesia.
1710 2361 1770 2390 Hic
1788 2361 1860 2390 fecit
1875 2360 2095 2390 ordinationes
2112 2369 2134 2389 11
2159 2369 2214 2398 per
2237 2368 2331 2390 men-

1364 2424 1430 2445 sem
1445 2414 1636 2450 decembris,
1650 2414 1851 2452 presbyteros
1863 2422 1946 2449 xxvr,
1962 2413 2113 2442 diaconos
2127 2422 2157 2449 x,
2170 2413 2332 2451 episcopos
2353 2443 2356 2447 ,

1364 2478 1419 2507 per
1443 2467 1569 2497 diversa
1592 2467 1659 2496 loca
1687 2475 1822 2496 numero
1845 2475 1966 2495 xxvnn.
1993 2466 2081 2496 Obiit
2102 2475 2157 2495 vm
2182 2465 2246 2495 kal.
2272 2473 2330 2495 no-

1364 2520 1506 2550 vembris
1531 2524 1560 2549 et
1585 2519 1728 2557 sepultus
1753 2524 1799 2549 est
1821 2519 1905 2557 apud
1932 2519 2060 2548 beatum
2085 2519 2216 2548 Petrum
2239 2526 2331 2556 apos-

1366 2574 1477 2603 tolum.

1405 2626 1571 2656 Honorius
1601 2626 1674 2655 feeit
1702 2625 1922 2654 ordinationes
1949 2633 1999 2662 111,
2029 2624 2232 2663 presbyteros
2261 2632 2331 2661 xm,

1364 2679 1514 2709 diaconos
1531 2688 1572 2715 xi,
1591 2679 1754 2717 episcopos
1771 2687 1825 2716 per
1840 2678 1966 2707 diversa
1982 2677 2049 2707 loca
2066 2685 2203 2706 numero
2225 2685 2330 2706 Lxxxt.

1363 2732 1452 2762 Obiit
1468 2741 1514 2760 1111
1534 2731 1606 2760 idus
1625 2731 1802 2760 decembris
1819 2734 1849 2760 et
1865 2730 2009 2769 sepultus
2026 2734 2110 2759 est...

1404 2785 1579 2814 Severinus
1595 2785 1666 2813 fecit
1679 2784 1842 2822 episcopos
1854 2792 1911 2822 per
1921 2783 2047 2813 divorsa
2059 2782 2126 2812 loca
2142 2790 2277 2812 numero
2288 2791 2330 2811 ιιι.

1364 2838 1522 2869 Obiitnn
1547 2846 1622 2868 non.
1651 2837 1778 2874 augusti
1800 2840 1829 2866 et
1852 2835 1995 2875 sepultus
2021 2839 2067 2865 est
2091 2835 2130 2864 ad
2153 2835 2331 2873 predictum

1364 2891 1492 2921 beatum
1524 2891 1655 2920 Petrum
1685 2890 1874 2928 apostolum.
1910 2890 2016 2928 Hujus
2046 2888 2242 2927 temporibus
2271 2887 2333 2917 suit

1365 2943 1508 2974 Eraclius
1532 2943 1819 2973 christianissimus
1841 2943 2025 2980 imperator,
2043 2941 2100 2979 qui
2116 2941 2254 2971 extincto
2269 2939 2332 2970 Co-

1364 2998 1440 3027 droe
1455 3006 1582 3027 crucem
1602 2997 1732 3026 Domini
1749 2995 1947 3026 lerosolimis
1963 2994 2144 3033 reportavit.
