2434 3530
110 956 134 975 ¹0

110 1218 134 1238 15

109 1481 134 1500 20

108 1744 133 1763 25

108 2007 133 2026 30

108 2272 132 2291 35

709 357 761 386 LE
784 356 930 387 LIBER
952 354 1186 386 CENSUUM
1209 355 1263 384 DE
1287 349 1473 388 L'EGLISE
1496 359 1705 391 ROMAINE.
2197 369 2250 400 371

162 419 351 449 LXXXIII.
370 436 408 442 —
421 421 596 451 EXEMPLUM
613 431 782 452 mnvrmzcn
799 422 936 452 Hannici
958 429 1169 451 IMPERATORIS

203 481 241 501 ns
259 480 434 502 flammans
452 482 552 504 mino
570 474 677 504 PETno
694 483 855 504 (1οΝ0115515
864 476 886 504 ¹.

244 576 282 605 Iu
299 577 431 606 nomine
447 577 572 607 domini
596 578 655 608 Dei
673 578 901 617 omnipotentis
921 577 1025 607 Patris
1045 582 1075 606 et
1095 577 1171 606 Filii

203 633 233 658 et
249 628 388 667 Spiritus
402 629 522 659 Sancti.
543 629 609 667 Ego
625 630 785 660 Henricus
804 630 855 659 dei
872 630 974 667 gratia
996 629 1171 667 imperator

203 685 358 719 augustus
373 681 513 720 spondeo
531 685 625 720 atque
640 682 788 720 promitto
806 691 859 720 per
875 681 934 712 hoc
950 685 1076 719 pactum
1093 690 1168 711 con-

205 734 399 764 firmationis
412 733 551 773 nosti—[e]
570 734 625 764 tibi
641 734 733 764 beato
749 734 843 764 Petro
856 734 999 772 principi
1011 733 1169 772 apostolo-

203 795 276 816 rum
294 790 324 816 et
340 785 498 823 clavigero
514 786 606 824 regni
623 786 776 823 celorum,
798 791 828 815 et
849 795 903 824 per
928 791 955 816 te
977 786 1096 816 vicario
1117 791 1169 816 tuo

202 840 311 869 donno
328 839 500 869 Benedicto
523 848 649 869 summo
665 839 808 877 pontifici
827 844 858 869 et
876 839 1052 869 universali
1078 848 1168 878 pape,

203 892 284 922 sicut
299 901 316 921 a
338 892 617 930 predecessoribus
637 892 751 921 vestris
775 901 874 930 usque
899 900 984 921 nunc
1005 892 1038 920 in
1064 896 1168 931 potes-

203 949 265 975 tate
280 947 383 974 vestra
395 953 430 974 ac
447 944 569 974 ditione
587 944 736 974 tenuistis
748 948 777 973 et
789 944 991 982 disposuistis
1007 944 1169 974 civitatem

203 998 382 1028 Romanam
400 1006 471 1026 cum
485 997 602 1026 ducatu
616 1005 674 1027 suo
687 1001 717 1026 et
733 996 928 1026 suburbanis
944 1001 1038 1034 atque
1057 996 1170 1025 viculis

202 1049 353 1079 omnibus
370 1053 400 1079 et
416 1049 584 1079 territoriis
602 1049 669 1087 ejus
684 1049 847 1079 montanis
856 1058 891 1078 ac
910 1049 1094 1084 maritimis,
1115 1048 1167 1078 lit-

204 1103 324 1132 toribus
343 1111 378 1132 ac
397 1102 562 1140 portubus,
584 1111 640 1131 seu
657 1101 782 1131 cunctis
803 1101 996 1137 civitatibus,
1018 1101 1169 1138 castellis,

202 1155 327 1194 oppidis
342 1163 378 1184 ac
395 1154 509 1184 viculis
528 1155 642 1184 Tuscie
657 1154 811 1193 partibus.
830 1154 859 1183 id
874 1158 922 1184 est
936 1155 1069 1183 Portum
1083 1153 1169 1183 Cen-

204 1207 383 1243 tumcellas,
409 1207 536 1243 Geram,
564 1206 709 1243 Pledam,
736 1207 986 1243 Marturiauum,
1013 1206 1169 1243 Sutriam,

202 1261 338 1299 Nepem,
372 1259 547 1290 Castellum
579 1260 747 1296 Gallisem,
772 1260 892 1295 Ortem,
927 1259 1167 1295 Polimartium,

202 1314 381 1349 Ameriam,
398 1313 533 1350 Tudam,
552 1314 719 1342 Perusiam
735 1322 808 1342 cum
830 1313 929 1342 tribus
951 1312 1069 1342 insulis
1089 1312 1169 1348 suis,

202 1367 234 1396 id
249 1371 296 1396 est
313 1366 432 1405 majore
446 1370 475 1396 et
490 1366 628 1402 minore,
644 1365 846 1402 Pulvensim,
861 1365 1021 1395 Narniam
1035 1369 1064 1394 et
1078 1365 1169 1395 Utri-

202 1418 307 1448 culam
332 1427 404 1448 cuin
427 1419 579 1448 omnibus
603 1419 721 1448 finibus
744 1423 772 1448 et
799 1418 966 1448 territoriis
995 1418 1033 1447 ad
1057 1426 1170 1456 supra-

202 1471 301 1502 dictas
323 1471 466 1501 civitates
487 1471 741 1509 pertinentibus,
764 1480 889 1501 necnon
914 1474 942 1500 et
963 1471 1168 1500 exarchatum

203 1524 425 1554 Ravennatem
444 1524 504 1554 sub
519 1523 704 1562 integritate
720 1532 792 1553 cum
811 1523 953 1559 urbibus,
972 1523 1168 1558 civitatibus,

202 1577 328 1615 oppidis
350 1581 380 1606 et
403 1576 543 1606 castellis
561 1586 623 1615 que
638 1577 689 1614 pie
714 1576 944 1605 recordationis
963 1576 1091 1605 donnus
1112 1575 1168 1604 Pi-

203 1631 299 1669 pinus
325 1634 354 1660 et
380 1631 507 1660 donnus
532 1629 680 1665 Carolus,
707 1633 736 1659 et
756 1629 896 1659 domnus
917 1629 1114 1666 Ludovicus,
1141 1632 1170 1658 et

203 1683 275 1714 Otto
291 1688 321 1713 et
338 1683 451 1712 itidem
468 1682 541 1713 Otto
564 1682 653 1712 filius
669 1683 749 1721 ejus,
768 1682 1006 1720 predecessores
1022 1681 1170 1711 videlicet

204 1736 317 1774 nostri,
330 1735 422 1765 beato
439 1736 532 1765 Petro
548 1735 688 1773 apostolo
705 1740 732 1764 et
758 1735 1034 1772 prodecessoribus
1056 1734 1170 1764 vestris

198 1788 393 1828 jamdudum
418 1797 473 1826 per
490 1788 673 1818 donationis
694 1788 845 1826 paginam
869 1786 1086 1823 contulerunt,
1110 1787 1170 1816 hoc

203 1846 248 1871 est
270 1841 432 1871 civitatem
457 1841 647 1871 Ravennam
671 1844 700 1870 et
724 1841 886 1876 Emiliam,
908 1840 1054 1874 Bobium,
1075 1840 1170 1869 Cese-

202 1903 289 1930 nam,
313 1894 553 1932 Forumpopuli,
576 1893 777 1928 Forumlivii‚
797 1893 996 1929 Faventiam,
1019 1893 1169 1930 Imolam,

203 1947 395 1983 Bononiam,
423 1946 617 1982 Ferrariam,
641 1945 872 1982 Comiacclum,
896 1945 1050 1975 Adrianis
1075 1950 1169 1984 atque

201 1999 385 2037 Gabellum,
403 2008 477 2029 cum
493 1999 645 2029 omnibns
662 1999 795 2035 finibus,
816 1998 985 2028 territoriis
1007 2002 1100 2037 atque
1119 1998 1170 2027 in-

202 2052 282 2082 sulis
300 2056 383 2081 terra
406 2052 552 2090 marique
568 2051 606 2080 ad
624 2051 822 2089 supradictas
843 2051 986 2080 civitates
1006 2051 1168 2088 pertinen-

202 2105 297 2141 tibus,
316 2104 414 2134 simul
427 2108 457 2134 et
473 2104 688 2142 Pentapolim,
704 2103 854 2134 videlicet
870 2104 1072 2139 Ariminum,
1091 2104 1170 2132 Pen-

201 2167 345 2194 saurum,
364 2157 500 2192 Fanum,
519 2156 751 2195 Seuogalliam,
776 2157 955 2192 Anconam,
982 2157 1167 2192 Ausimum,

202 2211 399 2245 Humanam,
438 2210 559 2246 Hesim,
591 2209 894 2247 Forumsimpronii,
925 2208 1167 2244 Monteinseltri‚

200 2264 370 2294 Urbanum
395 2265 424 2292 et
447 2263 640 2292 territorium
670 2261 862 2298 Balvelsem,
891 2262 1000 2298 Callis,
1032 2261 1169 2291 Luciolis

200 2320 230 2346 et
263 2316 422 2354 Egubium
450 2324 524 2345 cum
549 2315 701 2344 omnibus
725 2315 844 2344 finibus
872 2324 908 2344 ac
936 2315 1106 2344 territoriis
1129 2315 1166 2343 ad

200 2369 328 2399 easdem
350 2368 496 2398 civitates
519 2368 767 2406 pertinentibus.
789 2368 907 2397 Eodem
931 2368 1021 2397 modo
1045 2367 1168 2397 territo-

200 2421 284 2451 rium
307 2421 496 2458 Sabinense,
523 2421 605 2450 sicut
627 2429 645 2450 a
666 2420 816 2459 predictis
839 2420 1086 2459 imperatoribus
1109 2430 1168 2449 an-

201 2473 412 2503 tecessoribus
429 2473 547 2503 nostris
564 2473 654 2503 beato
673 2473 766 2503 Petro
782 2473 922 2512 apostolo
945 2482 1000 2512 per
1023 2473 1166 2503 donatio-

189 2649 203 2668 6
223 2644 312 2668 nostri
333 2644 352 2668 C
374 2657 403 2660 —-
425 2649 449 2669 te
470 2644 630 2668 Pulveusim
651 2648 711 2673 <et
730 2645 824 2670 lacu>
845 2651 859 2667 c
879 2657 908 2661 —
929 2644 1082 2668 Urticulam
1099 2645 1121 2667 A
1138 2657 1168 2661 —

158 2692 188 2712 24
203 2687 272 2711 Octo
290 2688 352 2718 (bis)
369 2688 392 2711 A
413 2700 442 2704 —
463 2692 492 2712 ³5
508 2687 644 2711 Urbinum
661 2688 684 2711 A
703 2701 734 2705 —
750 2688 914 2711 Valvensem
931 2688 952 2711 A
974 2701 1002 2704 —
1023 2692 1052 2712 36
1073 2687 1167 2718 Engu-

158 2731 233 2754 bium
247 2731 271 2754 A

196 2900 218 2925 i.
238 2898 346 2929 Rome,
362 2899 432 2925 avril
452 2898 528 2925 1020.
544 2898 725 2930 -Τ11611101,
744 2905 774 2924 n0
791 2899 822 2932 ῖς
842 2899 877 2936 II.
896 2899 925 2925 G.
943 2899 1164 2930 Constitutiones,

156 2950 177 2974 t.
192 2946 214 2979 I,
231 2956 258 2982 p.
276 2947 321 2974 65.
336 2961 371 2967 —
387 2947 523 2979 Albinus,
542 2947 583 2972 xl
600 2948 625 2974 5.
647 2947 788 2981 privilege
802 2947 836 2973 de
853 2947 941 2973 chri
959 2946 987 2972 II
1002 2946 1110 2973 delivre
1130 2955 1165 2973 au

156 3002 229 3030 pape
242 2994 347 3022 Benoit
363 2993 442 3021 VIII.

1293 422 1344 451 nis
1361 424 1513 462 scriptum
1531 434 1717 456 concessum
1733 434 1789 464 est,
1806 430 1865 459 sub
1879 430 2072 469 integritate.
2094 433 2199 473 [Item]
2219 436 2253 465 in

1293 475 1849 516 partibusTuscieLongobardorum
1864 482 2054 513 :Castellum
2066 485 2253 524 Felicitatis,

1295 526 1569 565 Urbemveterem,
1590 530 1745 561 Balneum
1764 533 1871 570 Regis,
1896 535 2036 571 Ferenti,
2059 537 2252 577 Vitcrbium,

1292 577 1412 615 Ortem,
1432 580 1582 617 Mai-tam,
1600 582 1742 620 Pledam,
1757 584 1948 622 Tuscanam,
1972 588 2127 627 Suanam,
2148 591 2253 630 Popu-

1292 629 1430 668 lonium,
1448 633 1590 663 Roselles
1604 644 1676 664 cum
1694 636 1889 667 suburbanis
1905 644 2000 678 atque
2017 641 2132 671 viculis
2146 648 2255 673 010111-

1292 683 1390 713 nibus
1419 686 1590 715 territoriis
1620 696 1655 717 ac
1685 689 1866 725 maritimis,
1898 693 2020 730 oppidis
2050 703 2104 724 sen
2136 696 2253 726 tinibus

1291 737 1455 766 omnibus.
1485 738 1629 776 Itemque
1653 749 1670 768 a
1696 741 1797 770 Lunis
1822 752 1894 772 cum
1919 744 2026 774 insula
2051 746 2188 784 Corsica,
2220 749 2253 778 in

1292 788 1440 824 Suriano,
1466 790 1582 820 deiude
1600 792 1633 820 in
1658 793 1765 822 Monte
1790 794 1956 832 Bardouis,
1979 798 2094 828 deinde
2117 800 2148 828 in
2174 801 2253 830 Ber-

1291 845 1370 877 ceto,
1391 842 1507 872 exinde
1530 844 1563 872 iu
1591 844 1718 882 Parma,
1743 846 1859 877 deinde
1884 849 1916 877 in
1943 850 2052 887 Regia,
2078 853 2193 882 exinde
2219 854 2251 883 iu

1292 895 1424 923 Mantua
1459 898 1554 933 atque
1588 897 1621 925 in
1662 898 1771 927 Monte
1815 900 1920 930 Silicis
1958 907 2051 941 atque
2091 905 2254 941 provincia

1292 947 1426 976 Venetia
1443 951 1472 976 et
1486 949 1592 985 Isti-ia,
1612 958 1734 979 necnon
1753 956 1782 980 et
1798 958 1948 983 cunctum
1967 955 2175 994 Spoletauum
2193 960 2253 988 du-

1291 1004 1397 1028 catum
1411 1010 1464 1029 seu
1482 1001 1744 1033 Beneventanum
1759 1013 1820 1033 una
1833 1014 1905 1035 eum
1919 1016 1990 1036 cuin
2004 1009 2135 1039 ecclesia
2147 1016 2254 1041 sancte

1290 1051 1455 1081 Christiue
1471 1054 1572 1091 posita
1590 1063 1686 1093 prope
1704 1056 1935 1095 Papiamjuxta
1950 1059 2071 1089 Padum
2091 1062 2180 1091 IIII-⁰
2197 1064 2255 1092 mi·

1291 1103 1395 1141 liario,
1413 1105 1491 1134 item
1507 1105 1539 1134 in
1555 1107 1699 1144 partibus
1712 1108 1888 1147 Campanie
1905 1122 1910 1140 :
1928 1112 2016 1147 Sora,
2032 1114 2254 1153 A1·ces‚Aqui-

1293 1154 1382 1193 nuni,
1402 1157 1600 1196 [Arpinuim]
1618 1159 1774 1195 Teanum,
1792 1161 1944 1199 Capuam,
1969 1174 2090 1194 necnon
2110 1171 2139 1195 et
2158 1169 2254 1205 patri-

1292 1210 1437 1239 monium
1450 1210 1487 1239 ad
1504 1215 1686 1249 potestatem
1701 1218 1730 1241 et
1743 1213 1898 1243 ditionem
1912 1221 2048 1246 vestram
2062 1219 2254 1256 pertinentia

1292 1262 1374 1291 sicut
1394 1266 1440 1291 ost
1465 1263 1696 1301 patrimonium
1728 1265 1991 1297 Beneventanum
2018 1274 2047 1298 et
2071 1271 2254 1309 Neapolita-

1293 1323 1370 1344 num
1385 1319 1479 1352 atque
1497 1316 1688 1353 patrimonia
1705 1317 1852 1348 Calabrie
1871 1321 2044 1357 superioris
2070 1327 2099 1351 et
2122 1324 2255 1354 inferio—

1292 1367 1346 1396 ris.
1368 1367 1413 1396 De
1432 1367 1557 1397 civitate
1575 1374 1680 1398 autem
1705 1371 1926 1409 Neapolitana,
1951 1373 2089 1402 castellis
2113 1380 2140 1404 et
2166 1378 2254 1406 terri-

1296 1421 1383 1449 toriis
1400 1429 1434 1449 ac
1451 1420 1570 1450 finibus
1589 1426 1617 1451 et
1635 1422 1750 1452 insulis
1764 1424 1823 1453 sibi
1842 1426 2089 1462 pertinentibus,
2107 1428 2199 1457 sin-uti
2217 1430 2255 1458 ad

1292 1473 1418 1503 easdem
1432 1474 1572 1511 aspicere
1585 1475 1743 1511 videntur,
1756 1486 1878 1506 necnon
1893 1479 2118 1516 patrimonium
2133 1481 2253 1518 Sicilie,

1292 1525 1319 1554 si
1338 1526 1422 1555 Deus
1441 1527 1555 1555 nostris
1577 1527 1742 1557 tradiderit
1760 1528 1838 1559 illud
1858 1530 2026 1567 manibus3
2042 1533 2141 1562 simili
2164 1535 2255 1564 modo

1292 1578 1451 1607 civitatem
1478 1578 1623 1609 Gaietam
1646 1585 1675 1609 et
1700 1581 1847 1611 Fundum
1871 1592 1943 1612 cum
1971 1585 2123 1614 omnibus
2144 1595 2252 1616 earum

1281 1631 1507 1672 ‘pertinentiis
1527 1631 1629 1670 Super
1653 1632 1710 1662 hec
1729 1634 1960 1664 confirmamus
1985 1637 2072 1666 vobis
2096 1637 2254 1668 Fuldense

1292 1683 1523 1712 monasterium
1555 1689 1584 1713 et
1609 1684 1732 1715 abbatis
1760 1687 1828 1725 ejus
1859 1690 2129 1719 consecrationem
2160 1696 2254 1729 atque

1291 1736 1401 1765 omnia
1421 1738 1624 1774 monasteria,
1643 1743 1744 1768 cortes
1762 1744 1791 1768 et
1808 1739 1908 1781 villas,
1927 1750 2005 1779 quas
2026 1742 2059 1770 iu
2079 1743 2253 1773 ultramon-

1293 1789 1375 1817 tanis
1418 1790 1560 1827 partibus
1598 1795 1725 1820 sanctus
1763 1792 1874 1821 I‘etrus
1913 1793 2028 1823 habere
2067 1795 2252 1830 dinoscitur,

1291 1843 1412 1880 absque
1430 1844 1590 1878 Antesna‚
1611 1844 1861 1882 VVinnireringa
1880 1847 1946 1876 sive
1966 1847 2177 1885 Willinbacln
2194 1860 2255 1888 que

1291 1904 1308 1923 a
1325 1895 1426 1924 sancti
1442 1895 1527 1924 Petri
1544 1896 1676 1926 ecclesia
1693 1906 1747 1936 per
1764 1898 1990 1928 conventionis
2008 1902 2155 1938 paginam
2174 1903 2255 1940 epis-

1292 1956 1368 1985 60110
1391 1953 1497 1977 nostro
1519 1948 1792 1986 Babembergeusi
1814 1950 1924 1980 collate
1947 1958 2032 1989 sunt,
2058 1962 2113 1991 pro
2140 1955 2256 1992 quibus

1293 2001 1451 2038 sepedicte
1468 2001 1602 2030 ecclesie
1622 2003 1721 2031 sancti
1750 2003 1834 2032 Petri
1863 2005 2118 2036 transcribimus,
2142 2016 2255 2036 couce-

1293 2053 1401 2083 dimus
1416 2057 1443 2082 et
1461 2054 1630 2083 firmamus
1653 2063 1781 2084 omnem
1801 2056 1886 2084 illam
1909 2061 2037 2094 terram,
2057 2061 2257 2096 quaurinter

1293 2107 1462 2142 Narniam,
1496 2107 1676 2136 'I'erannem
1714 2108 1762 2137 vet
1793 2109 1955 2147 Spoletum
1983 2120 2018 2140 ex
2045 2113 2134 2149 regni
2157 2113 2257 2142 nostri

1292 2161 1380 2196 parte
1398 2159 1583 2188 habuimus.
1603 2159 1669 2189 Sub
1686 2161 1820 2190 tuitione
1844 2166 1986 2199 preterea
2006 2165 2106 2193 sancti
2125 2165 2207 2194 Petri
2229 2170 2258 2195 et

1293 2216 1396 2239 vestra
1415 2216 1657 2250 vestrorumque
1675 2222 1894 2243 successorum
1916 2220 2111 2252 pretaxatum
2134 2217 2256 2255 episco-

1292 2264 1379 2302 pium
1404 2264 1680 2302 Babembergeuse
1703 2266 1884 2303 offerimus3
1907 2269 1990 2297 uude
2013 2269 2072 2298 sub
2094 2271 2257 2307 pensionis

1293 2316 1448 2355 [nomine]
1467 2326 1583 2355 equum
1603 2326 1703 2347 uuum
1727 2318 1835 2348 albuni
1862 2319 2027 2349 t'aleratun‘i
2054 2331 2088 2350 ex
2113 2323 2257 2360 ejusdem

1291 2369 1351 2398 loci
1372 2369 1519 2408 episcopo
1537 2379 1590 2400 ros
1603 2371 1787 2400 annualiter
1799 2377 2000 2410 suscepturos
2013 2374 2185 2405 sancimus.
2206 2375 2256 2404 Ot-

1291 2421 1426 2454 ferimus
1443 2422 1586 2461 insuper,
1604 2423 1773 2453 firmamus
1790 2430 1817 2453 et
1836 2426 2080 2455 corroboramus
2099 2427 2152 2455 tibi
2168 2428 2257 2457 beato

1291 2475 1386 2505 Petro
1408 2484 1443 2504 ac
1463 2475 1583 2505 vicario
1607 2480 1659 2506 tuo
1680 2477 1797 2506 domno
1819 2478 1990 2508 Benedicto
2011 2484 2041 2508 et
2065 2480 2254 2509 successori-

1292 2528 1350 2558 bus
1368 2529 1449 2567 ejus,
1469 2533 1562 2566 prout
1579 2529 1661 2559 boue
1681 2531 1834 2559 memorie
1858 2540 1935 2569 pape
1957 2531 2099 2561 ι1011011111
2124 2533 2256 2571 suisque

1291 2581 1527 2610 successoribus
1546 2590 1563 2610 a
1580 2582 1857 2619 predecessoribus
1874 2583 1989 2612 nostris
2003 2583 2174 2614 Ottonibus
2190 2586 2256 2615 lac-

1292 2638 1357 2662 tum
1370 2633 1438 2672 [est]
1450 2634 1594 2663 civitates
1609 2635 1763 2673 etoppida
1776 2644 1847 2664 cum
1862 2636 2005 2673 piscariis
2017 2636 2096 2672 suis,
2111 2638 2254 2674 Reatem,

1291 2687 1507 2722 Amiternam,
1538 2687 1726 2724 Furconem,
1757 2688 1922 2722 Nur-siam,
1952 2689 2084 2718 Balvam
2112 2695 2141 2719 et
2169 2691 2255 2720 Mar-

1282 2874 1287 2892 1
1306 2868 1384 2899 Item]
1402 2872 1427 2891 ct
1443 2872 1484 2892 est
1500 2868 1545 2892 AC
1561 2882 1591 2886 —-
1610 2875 1627 2893 ιι
1644 2869 1821 2893 Venetiarum
1839 2874 1864 2894 et
1881 2871 1972 2895 Ystria
1990 2873 2010 2895 A
2023 2885 2053 2889 —
2070 2878 2094 2897 12
2112 2873 2252 2897 Beneven-

1249 2915 1306 2936 tum
1323 2913 1345 2935 A
1362 2926 1389 2929 —
1406 2919 1429 2938 15
1445 2913 1578 2943 Arpinum
1597 2921 1623 2942 c,
1641 2914 1794 2937 Ariminum
1812 2916 1856 2939 AC
1874 2929 1902 2932 —
1923 2921 1946 2941 19
1963 2918 2090 2944 <cum>
2107 2919 2226 2942 castellis
2242 2926 2255 2942 c

1247 2969 1277 2973 —
1288 2960 1317 2980 32
1331 2956 1523 2980 confirmamus
1538 2958 1559 2980 A
1572 2970 1599 2974 —
1612 2962 1641 2982 36
1657 2958 1895 2989 Babcnibargense
1909 2961 1930 2983 A
1942 2973 1971 2977 ,-
1983 2965 2011 2985 37
2026 2962 2146 2992 nominc-J
2161 2966 2256 2986 nostre

1249 2999 1293 3024 AC
1312 3014 1339 3016 —
1355 3005 1385 3024 42
1402 3000 1555 3023 Octonibus
1572 3002 1594 3024 A
1611 3014 1638 3018 —
1654 3006 1683 3025 103
1700 3006 1739 3025 est
1756 3010 1811 3027 0111.
1829 3002 1847 3027 C

2310 922 2333 938 11]

2311 1181 2333 1199 15

2311 1967 2335 1985 311

2311 2492 2336 2509 4⁴)
