2434 3530
139 774 150 791 5

127 1087 152 1106 10

132 1612 156 1630 20

136 2138 160 2155 311

176 383 231 413 37ss
718 376 767 404 La
792 374 936 403 LIBER
959 368 1193 402 CENSUUM
1217 368 1271 397 DE
1296 357 1481 396 micmsn
1504 365 1715 396 ROMAINE.

216 447 373 477 dominice
390 443 621 473 incarnationis
635 444 780 477 M⁰C⁰L⁰11⁰,
798 442 952 477 regnante
968 438 1086 467 domno
1100 436 1176 465 Fre-

217 499 322 528 derico
336 498 551 527 Romanorum
568 503 641 531 rege
653 493 803 534 glorioso,
817 500 904 522 anno
915 499 989 520 vero
1004 489 1094 527 regni
1109 489 1177 527 eJ'us

217 559 328 591 primo.

178 707 359 738 LXXXVI.
382 723 419 727 -
445 706 510 734 Hac
535 713 589 733 EST
616 713 672 732 pax
697 712 736 732 ΕΤ
761 710 933 732 conconnm
959 710 1058 730 FACTA
1087 709 1180 729 mrnn

218 769 319 790 pamm
344 760 515 788 Aenianum
538 766 577 786 ET
599 756 804 784 W'iccemuun
828 755 946 784 Stoicis
971 762 1076 783 nmen
1100 762 1180 782 APUD

221 814 452 845 Benevssx'rcu,
471 819 565 839 suren
584 815 870 838 ArrELLA‘rionmus
886 818 902 836 A
920 815 1057 836 ccmncrs
1071 815 1111 834 AD
1128 813 1181 834 se-

219 874 281 895 nsu
308 872 521 893 Arosromcan
547 869 708 891 memnnrs
730 869 768 889 ET
793 868 1001 889 ecccsssmnun
1024 867 1180 887 TRANSLA·

219 926 381 951 rioxnnts,
400 922 708 946 CONSECRATIONIBL'S
733 923 771 942 ET
794 921 1004 942 coxermonun
1028 920 1181 940 CELEBRA-

219 979 365 1000 Tioxmus
380 970 400 998 ¹.

260 1075 295 1104 In
322 1074 454 1104 nomine
479 1072 603 1102 domini
632 1071 691 1100 Dei
719 1070 821 1100 eterni
843 1073 873 1099 et
893 1068 1058 1098 salvatoris
1082 1068 1183 1097 nostri

218 1128 294 1157 Jesu
328 1126 460 1156 Christi.
494 1126 611 1154 Amen.
650 1124 778 1153 Domno
813 1122 958 1152 Adriano
993 1121 1053 1150 Dei
1083 1121 1184 1158 gratia

220 1184 326 1210 sancte
351 1180 496 1208 Romane
522 1177 653 1207 ecclesie
676 1184 803 1206 summo
830 1174 988 1214 pontiflci,
1011 1173 1183 1202 karissimo

219 1233 349 1262 domino
367 1236 396 1261 et
414 1231 494 1270 patri
512 1238 568 1259 sno
585 1228 775 1263 reverendo,
793 1228 928 1265 ejusque
949 1226 1184 1256 successoribus

224 1284 410 1314 Willelmus
427 1283 536 1313 eadem
556 1282 658 1320 gratia
673 1290 725 1311 rex
744 1280 862 1311 Sicilie.

263 1338 378 1367 Nostre
396 1345 519 1374 semper
535 1334 778 1365 consuetudinis
796 1333 899 1362 extitit
916 1337 972 1362 etc.

265 1389 430 1420 Discordie
452 1389 552 1426 igitur
570 1387 618 1417 illi
637 1395 699 1425 que
717 1387 800 1416 inter
822 1386 1001 1415 Rontanam
1019 1383 1186 1414 ecclesiam

224 1448 252 1473 et
276 1452 332 1473 nos
353 1443 452 1472 fuerat
476 1442 593 1479 agitata
616 1441 714 1470 finem
739 1447 918 1476 congruum
941 1438 1106 1476 imponere
1131 1445 1186 1466 cu-

226 1498 354 1537 pientes,
375 1504 445 1525 cum
464 1494 809 1532 appropinquassemus
826 1491 945 1521 civitati
965 1490 1142 1520 Beneventi
1159 1494 1189 1519 et

225 1549 350 1580 inimici
371 1549 467 1578 nostri
489 1552 562 1576 ante
578 1547 691 1576 faciem
709 1545 944 1583 indignationis
961 1548 1067 1574 nostre
1085 1544 1187 1581 fugis—

225 1607 306 1638 sent,
320 1600 518 1631 venerabiles
531 1598 712 1629 cardinales
725 1601 855 1633 vestros,
868 1598 893 1626 H
903 1596 1052 1626 ubaldum
1068 1596 1190 1625 scilicet

226 1655 310 1684 tituli
331 1658 437 1684 sancte
455 1653 607 1682 Praxedis
629 1656 658 1681 et
672 1651 798 1681 Julium
819 1650 903 1680 tituli
925 1650 1025 1680 sancti
1047 1649 1189 1678 Marcelli

226 1708 425 1747 presbyteros
450 1705 644 1741 cardinales,
670 1709 699 1734 et
723 1713 795 1733 cum
822 1704 869 1733 eis
894 1703 1076 1733 Rolandum
1103 1702 1190 1732 tituli

226 1761 326 1791 sancti
345 1759 443 1789 Marci
460 1759 682 1797 presbyterum
701 1756 895 1787 cardinalem
915 1760 943 1785 et
962 1755 1189 1785 cancellarium

226 1817 382 1848 vestrum,
405 1820 483 1850 quos
506 1811 543 1839 ad
569 1816 710 1840 nostram
735 1809 928 1848 presentiam
954 1808 1130 1844 direxistis,
1155 1816 1190 1837 eo

226 1876 288 1905 qno
313 1865 415 1895 decuit
442 1865 562 1894 bonore
581 1863 779 1901 suscepimus
797 1866 826 1891 et
843 1861 1040 1891 desiderium
1063 1870 1099 1890 ac
1120 1870 1190 1890 mo·

228 1920 292 1948 nita
311 1922 412 1947 vestra
429 1917 467 1946 de
483 1917 566 1946 bono
582 1916 666 1954 pacis
682 1924 716 1945 ex
731 1924 785 1944 ore
796 1915 939 1953 ipsorum
954 1914 1066 1943 libenti
1081 1914 1192 1943 animo

227 1971 406 2007 audientes,
421 1970 498 2008 ipsis
512 1974 542 1998 et
555 1969 682 1998 Maione
695 1976 810 2005 magno
822 1967 958 1997 amirato
970 1967 1190 2002 amir-aterum,

227 2024 341 2053 dilecto
358 2022 444 2051 fideli
462 2025 489 2051 et
506 2020 760 2050 familiarissimo
778 2023 896 2054 nostro,
913 2023 943 2048 et
959 2020 1096 2056 Hugone
1112 2019 1191 2048 Par-

230 2076 394 2105 nomitano
415 2078 445 2103 et
463 2073 641 2103 Bomualdo
658 2072 860 2102 Salernitano
881 2071 1119 2101 venerabilibus
1140 2080 1192 2100 ar-

229 2128 440 2166 chiepiscopis
460 2133 488 2156 et
507 2126 674 2156 Willelmo
690 2125 828 2155 Troiano
850 2126 995 2163 episcopo
1018 2128 1046 2154 et
1065 2124 1193 2154 Marino

229 2181 366 2210 Canensi
383 2180 494 2209 abbate
511 2178 658 2208 fidelibus
675 2178 791 2207 nostris
808 2177 1036 2212 mediantibus,
1055 2177 1088 2206 in
1105 2177 1193 2206 hunc

229 2234 393 2263 vobiscum
413 2241 467 2270 per
481 2241 532 2261 eos
549 2231 634 2270 pacis
651 2231 839 2260 devenimus
856 2230 1086 2268 concordieqne
1105 2234 1192 2260 teno-

232 2296 315 2323 rem,
335 2285 483 2315 videlicet
502 2285 539 2313 de
558 2284 703 2322 capitulis
723 2282 803 2318 illis,
823 2283 861 2312 de
882 2283 996 2320 quibus
1019 2283 1103 2311 inter
1126 2291 1193 2311 ma-

228 2340 372 2378 jestatem
393 2341 528 2367 vestram
549 2340 577 2366 et
596 2345 651 2365 nos
668 2335 884 2365 controversia
899 2335 1090 2370 vertebatur,
1110 2334 1192 2373 qnod

232 2391 448 2429 subscriptum
466 2394 511 2419 est
527 2389 722 2419 observetur.

272 2444 318 2474 De
333 2442 602 2482 appellationibus
615 2441 744 2480 quidem
760 2441 813 2470 ita.
833 2441 865 2470 Si
880 2440 997 2478 aliquis
1011 2439 1146 2469 clericus
1160 2440 1194 2468 in

230 2497 347 2535 Apulia
364 2500 393 2526 et
405 2495 551 2525 Calabria
568 2499 597 2524 et
611 2493 684 2524 aliis
703 2493 793 2522 terris
807 2502 888 2531 quae
903 2492 1019 2532 Apulie
1035 2497 1111 2522 sunt
1126 2492 1195 2521 affi-

231 2559 288 2579 nes
311 2549 463 2579 adversns
488 2548 588 2577 alium
612 2547 762 2576 clericum
786 2546 825 2575 de
847 2546 951 2575 causis
974 2545 1196 2575 ecclesiasticis

222 2699 235 2718 6
258 2699 347 2717 SUPER
367 2696 417 2717 otc.
439 2699 494 2715 om.
519 2692 557 2720 A,
582 2692 667 2715 eliam
692 2692 721 2714 in
744 2692 762 2713 C
785 2691 881 2713 addila
905 2692 981 2713 sunt.
1004 2703 1032 2706 —
1061 2695 1084 2714 15
1107 2689 1197 2713 extitit

191 2737 344 2765 <animum
360 2738 518 2761 nostrum>
535 2736 556 2758 Α
573 2747 602 2752 -
619 2740 647 2759 28
662 2734 857 2758 Panormitano
871 2734 894 2757 A

231 2873 254 2900 l.
273 2872 429 2904 Betim-ent,
444 2873 507 2906 juin
528 2871 604 2897 1156.
622 2886 654 2890 -
672 2870 833 2901 Baronins,
851 2870 883 2895 ad
902 2878 968 2895 ann.
990 2869 1065 2900 1156,
1084 2875 1114 2894 n⁰
1131 2869 1197 2901 4-7;

192 2921 372 2953 &Vattericm
390 2922 462 2947 Rom.
482 2921 558 2947 Pom.
582 2921 667 2952 Vitae,
684 2922 703 2945 t.
722 2918 764 2951 ΙΙ,
782 2927 808 2952 p.
827 2918 876 2945 35³2
894 2920 982 2951 (texte
998 2917 1143 2951 complet).
1163 2931 1199 2937 —

193 2969 332 2999 Albinus,
352 2967 379 2993 X
396 2968 439 2995 6-2.
457 2967 619 2993 Concor-dat
635 2971 716 2993 entre
737 2967 761 2993 le
784 2975 855 3001 pape
873 2966 997 2992 Hadrien
1015 2965 1056 2992 IV
1073 2969 1100 2991 et
1114 2965 1139 2991 le
1157 2965 1197 2991 roi

194 3016 228 3042 de
245 3017 330 3042 Sicile
347 3016 507 3042 Gnillaume
524 3016 559 3041 ΙΝ·
575 3017 725 3048 (extu-aits).

1301 433 1464 471 querelam
1488 432 1637 462 habuerit
1659 436 1689 461 et
1709 440 1725 461 a
1747 429 1884 469 capitulo
1904 433 1958 458 ant
1980 429 2124 466 episcopo
2146 427 2194 457 vel
2214 435 2265 456 ar-

1300 485 1502 524 chiepiscopo
1532 494 1587 515 sen
1615 484 1679 513 alia
1707 482 1919 513 ecclesiastica
1947 489 2079 520 persona
2108 489 2165 510 sue
2192 489 2266 519 pro·-

1302 538 1401 567 vintie
1420 546 1484 568 non
1504 537 1640 576 potuerit
1656 535 1834 571 emendari,
1855 539 1941 570 tunc,
1959 534 1986 563 si
2003 533 2147 569 voluerit,
2165 532 2266 562 eccle-

1302 591 1381 620 siam
1401 591 1580 621 Romanam
1597 589 1769 629 ap[p]ellet.
1789 587 2055 627 T1·an[s]lationes
2074 587 2106 616 in
2124 585 2268 616 ecclesiis

1302 643 1381 673 fient
1409 644 1435 673 si
1467 643 1641 673 necessitas
1669 647 1722 671 aut
1755 641 1876 671 utilitas
1906 639 2037 670 ecclesie
2063 639 2204 678 aliquem
2230 638 2269 668 de

1304 705 1367 725 una
1384 695 1516 726 ecclesia
1531 695 1571 724 ad
1589 695 1684 724 aliam
1702 694 1876 727 vocaverit,
1895 698 1925 723 et
1940 702 1995 723 vos
2010 697 2064 722 aut
2080 691 2178 721 vestri
2197 699 2270 720 snc-

1304 757 1444 779 cessores
1461 749 1633 778 concedere
1650 747 1826 778 volueritis.
1839 746 2102 776 Consecrationes
2119 749 2148 774 et
2162 744 2270 773 visita-

1305 802 1406 832 tiones
1429 801 1531 832 libere
1550 802 1697 831 Romana
1719 800 1852 830 ecclesia
1875 800 1909 828 in
1934 798 2024 829 omni
2046 805 2144 835 regno
2165 800 2272 826 nostro

1304 854 1444 884 babebit.
1470 854 1554 884 Sane
1575 854 1803 883 celebrationes
1824 851 2033 882 conciliorum
2053 850 2199 880 Romana
2219 857 2271 879 ec-

1304 907 1398 937 clesia
1417 907 1511 936 faciet
1529 908 1561 936 in
1579 916 1772 946 quacunque
1789 906 1915 935 civitate
1929 904 2046 943 Apulie
2063 903 2110 932 vel
2127 902 2272 932 Calabrie

1305 960 1453 996 voluerit,
1472 964 1526 989 aut
1546 959 1676 989 illarum
1700 959 1839 997 partium
1861 967 1942 996 quae
1966 956 2083 995 Apulie
2103 959 2180 985 sunt
2201 954 2272 984 affi-

1306 1022 1371 1049 nes,
1388 1012 1572 1042 civitatibus
1588 1011 1652 1041 illis
1669 1012 1806 1049 exceptis
1827 1011 1859 1040 in
1880 1010 2000 1048 quibus
2016 1017 2150 1047 persona
2167 1012 2274 1037 nostra

1306 1065 1357 1095 vel
1382 1065 1537 1094 heredum
1561 1069 1742 1095 nostrorum
1761 1064 1795 1093 in
1817 1062 1873 1092 illo
1895 1067 2035 1100 tempore
2055 1061 2190 1095 fuerint,
2211 1060 2274 1089 nisi

1306 1127 1379 1148 cum
1397 1117 1560 1147 voluntate
1577 1121 1685 1146 nostra
1701 1120 1925 1146 nostrorumve
1940 1114 2108 1144 heredum.
2129 1114 2168 1143 In
2185 1113 2274 1151 Apu-

1308 1170 1351 1200 lia
1368 1175 1397 1200 et
1414 1169 1560 1199 Calabria
1582 1174 1612 1199 et
1634 1169 1777 1207 partibus
1803 1168 1869 1197 illis
1888 1176 1950 1206 que
1971 1165 2089 1204 Apulio
2111 1171 2186 1195 sunt
2205 1165 2275 1194 affi-

1308 1231 1381 1259 nes,
1402 1223 1547 1252 Romana
1567 1221 1700 1251 ecclesia
1721 1220 1822 1250 libere
1844 1220 2037 1257 legationem
2059 1218 2198 1248 babebit.
2222 1217 2276 1247 Illi

1310 1281 1415 1306 tamen
1436 1276 1491 1314 qui
1515 1275 1554 1304 ad
1571 1275 1630 1304 hoc
1646 1284 1663 1304 a
1685 1274 1830 1304 Romana
1851 1272 1985 1302 ecclesia
2000 1272 2121 1301 fuerint.
2140 1271 2277 1309 delegati

1309 1328 1525 1367 possessiones
1543 1327 1684 1357 Ecclesie
1698 1335 1762 1356 non
1779 1327 1954 1356 devastent.
1972 1325 2010 1354 In
2025 1324 2134 1355 Sicilia
2150 1332 2278 1363 quoque

1310 1382 1456 1411 Romana
1471 1380 1607 1410 ecclesia
1623 1379 1879 1409 consecrationes
1891 1382 1919 1408 et
1934 1378 2133 1407 visitationes
2146 1376 2276 1413 habeat3

1311 1439 1340 1465 et
1353 1435 1379 1464 si
1393 1434 1431 1463 de
1443 1434 1552 1464 Sicilia
1567 1441 1718 1472 personas
1732 1433 1855 1471 aliquas
1870 1431 2073 1461 ecclesiastici
2087 1429 2212 1460 ordinis
2224 1437 2278 1459 vo-

1311 1487 1440 1523 caverit,
1460 1490 1550 1522 eant;
1571 1485 1811 1523 magnificentia
1831 1488 1937 1514 nostra
1953 1488 2007 1512 aut
2025 1486 2205 1512 nostrorum
2222 1481 2279 1511 he-

1312 1541 1424 1570 redum
1451 1548 1505 1578 pro
1527 1538 1760 1567 christianitate
1779 1536 1919 1566 satienda
1937 1535 1987 1565 vel
2004 1544 2059 1573 pro
2075 1534 2281 1573 suscipienda

1312 1601 1444 1627 corona,
1464 1595 1584 1621 remoto
1608 1589 1691 1619 malo
1715 1589 1863 1627 ingenio,
1882 1588 2033 1618 retinebit
2058 1596 2138 1626 quas
2165 1587 2282 1616 viderit

1312 1645 1509 1675 retinendas.
1544 1643 1655 1673 Cetera
1680 1651 1807 1681 quoque
1832 1641 1952 1671 ibidem
1978 1640 2109 1670 habebit
2134 1641 2282 1670 Romana

1313 1698 1447 1728 ecclesia
1467 1705 1548 1735 quae
1564 1696 1659 1725 habet
1675 1695 1709 1724 in
1727 1694 1798 1724 aliis
1816 1694 1957 1732 partibus
1980 1693 2072 1731 regni
2089 1693 2204 1730 nostri,
2227 1701 2280 1722 ex-

1314 1755 1403 1789 cepta
1425 1749 1638 1788 appellatione
1656 1753 1710 1777 aut
1732 1747 1905 1785 legatione,
1927 1755 1990 1784 que
2008 1746 2071 1775 nisi
2090 1745 2129 1775 ad
2154 1745 2281 1784 petitio-

1315 1813 1389 1834 nem
1409 1807 1549 1832 nostram
1574 1807 1604 1831 et
1624 1801 1779 1831 heredum
1802 1804 1983 1829 nostrornm
2005 1799 2090 1829 inibi
2111 1807 2174 1829 11011
2191 1798 2280 1828 fient.

1356 1856 1400 1885 De
1420 1854 1563 1885 ecclesiis
1585 1858 1614 1883 ct
1636 1852 1838 1883 monasteriis
1863 1857 1944 1882 torre
1969 1856 2090 1887 nostre,
2110 1851 2148 1881 dc
2165 1851 2284 1889 quibus

1314 1918 1331 1938 a
1361 1909 1506 1938 Romana
1532 1907 1664 1937 ecclesia
1695 1906 1819 1944 questio
1847 1910 1931 1934 mota
1959 1904 2034 1938 suit,
2063 1904 2110 1934 sic
2135 1904 2199 1933 fiet.
2222 1903 2284 1934 Vos

1316 1961 1445 2000 quidem
1464 1966 1493 1990 et
1510 1960 1605 1989 vest-ri
1623 1967 1821 1989 successores
1838 1958 1871 1986 in
1889 1958 1935 1987 eis
1952 1957 2111 1986 babebitis
2127 1956 2210 1995 quod
2227 1955 2284 1986 ha-

1316 2015 1395 2044 betis
1424 2014 1457 2042 in
1493 2013 1607 2042 ceteris
1637 2011 1780 2041 ecclesiis
1812 2020 1873 2049 que
1903 2010 1962 2039 sub
1992 2014 2099 2039 nostra
2134 2012 2285 2047 potestate

1316 2067 1506 2101 consistunt,
1524 2074 1586 2103 que
1602 2064 1693 2094 solite
1710 2067 1784 2093 sunt
1800 2064 1943 2100 accipere
1959 2062 2213 2091 consecrationes
2229 2070 2284 2091 seu

1316 2119 1555 2148 benedictiones
1571 2127 1587 2146 a
1602 2118 1747 2146 Romana
1764 2115 1908 2150 ecclesia,
1923 2120 1952 2144 et
1969 2114 2090 2144 debitos
2106 2114 2240 2153 insuper
2256 2118 2287 2143 et

1318 2175 1449 2201 statutos
1466 2172 1492 2200 ei
1510 2179 1626 2199 census
1643 2169 1819 2199 exsolvent.

1357 2225 1403 2253 De
1426 2223 1638 2253 electionibus
1654 2222 1784 2260 quidem
1804 2221 1847 2250 ita
1867 2221 1931 2251 siet.
1956 2220 2074 2250 Clerici
2095 2220 2287 2250 convenient

1318 2279 1351 2307 in
1371 2285 1540 2315 personam
1559 2276 1706 2305 idoneam
1725 2280 1755 2304 et
1771 2274 1851 2303 illud
1868 2276 1951 2303 inter
1968 2283 2000 2303 se
2016 2278 2172 2303 secretum
2189 2273 2287 2303 habe-

1317 2331 1412 2367 bunt,
1436 2330 1537 2359 donec
1563 2338 1730 2367 personam
1756 2328 1845 2357 illam
1873 2327 2060 2357 excellentie
2086 2332 2191 2357 nostre
2217 2335 2287 2365 pro-

1319 2382 1485 2417 nuntient,
1497 2385 1525 2410 et
1540 2385 1706 2418 postquam
1722 2388 1858 2418 persona
1872 2379 2057 2409 celsitudini
2071 2383 2177 2408 nostre
2193 2378 2289 2408 suerit

1318 2434 1499 2471 designata,
1518 2433 1544 2462 si
1562 2441 1697 2471 persona
1715 2431 1771 2461 illa
1786 2432 1824 2461 de
1842 2431 2058 2470 proditoribus
2074 2435 2128 2460 aut
2143 2431 2288 2460 inimicis

1319 2487 1437 2516 nostris
1453 2485 1503 2515 vel
1520 2485 1675 2515 heredum
1695 2489 1876 2515 nostrorum
1894 2493 1959 2514 non
1976 2484 2082 2519 fuerit,
2095 2483 2287 2521 autmagui-

1319 2539 1447 2569 ficentie
1463 2543 1567 2568 nostre
1585 2547 1649 2568 non
1665 2538 1805 2567 extiterit
1821 2537 1942 2573 odiosa,
1959 2536 2009 2566 vel
2023 2536 2086 2566 alia
2097 2537 2131 2565 in
2145 2545 2181 2566 ea
2195 2544 2290 2566 causa

1321 2600 1382 2622 non
1401 2592 1565 2629 fueritpro
1578 2599 1642 2629 qua
1659 2599 1722 2621 non
1740 2591 1912 2620 debeamus
1934 2589 2102 2624 assentire,
2121 2597 2288 2618 assensum

1318 2645 1537 2683 prebebimus.

1359 2698 1505 2727 Profecto
1528 2706 1583 2727 vos
1610 2697 1700 2727 nobis
1726 2701 1755 2726 et
1778 2696 1916 2734 Rogerio
1940 2695 2013 2725 duci
2036 2694 2104 2724 filio
2130 2697 2236 2724 nostro
2260 2697 2291 2723 et

1319 2750 1495 2781 heredibus
1512 2750 1640 2787 nostris,
1656 2750 1712 2788 qui
1728 2749 1763 2779 in
1780 2758 1915 2786 regnum
1933 2756 1988 2786 pro
2003 2747 2186 2778 voluntaria
2202 2746 2289 2776 ordi-

1320 2804 1450 2833 natione
1469 2806 1575 2833 nostra
1591 2802 1812 2838 successerint,
1826 2801 2000 2832 conceditis
2015 2809 2151 2838 regnum
2165 2799 2287 2836 Sicilie,

1312 2978 1326 2998 3
1341 2974 1480 2998 emendari
1498 2975 1648 3002 <libere>
1666 2975 1684 2996 Α
1704 2987 1732 2990 -
1750 2978 1774 2998 to
1791 2973 1840 3004 Ap.
1859 2973 1899 2996 vel
1917 2973 1974 2997 Cal.
1990 2972 2062 2996 civit.
2082 2972 2102 2994 A
2119 2984 2148 2988 —
2162 2974 2189 2995 27
2206 2969 2251 2994 fiet
2268 2970 2290 2992 Α

1282 3031 1311 3035 -
1327 3022 1356 3043 34
1372 3019 1501 3042 exolvent
1517 3019 1539 3041 A

2327 914 2351 934 ¹0

2331 1176 2354 1195 ¹5

2331 1436 2358 1455 ⁴20

2335 1700 2360 1719 2⁵

2338 1964 2364 1983 3⁹

2340 2229 2366 2248 35

2342 2492 2369 2510 ⁴0

2343 2755 2372 2774 45

2430 1259 2434 1267 -
2428 1229 2434 1246 ,.
2418 824 2434 1211 ψιε-ινεᾼριηο-ιιΰι
2423 776 2434 794 ο
