2434 3530
702 353 750 381 1113
775 353 920 382 mean
942 352 1176 382 CENSUUM
1202 352 1254 381 DE
1281 344 1463 383 usstass
1488 354 1695 384 Rouxixr„
2186 357 2242 387 413

194 417 404 455 Evangelium
430 418 526 457 liujus
543 419 720 457 juramenti
744 418 880 455 cartula,
899 419 1092 456 jtiraveruut
1112 419 1157 448 sic

191 480 227 500 ex
245 474 391 510 precepto
408 472 492 509 regis
513 481 519 501 :

233 536 246 550 «
265 524 354 554 Sicut
369 524 403 552 in
422 524 480 554 bac
497 524 620 554 cartula
639 525 789 563 scriptum
814 529 869 556 est,
889 525 933 554 sic
949 526 1087 554 domnus
1104 533 1156 554 rex

194 588 208 603 »
235 586 364 616 presens
388 578 547 608 Heni-icus
567 578 747 608 observabit
767 579 884 608 domno
908 587 985 616 pape
1011 578 1159 608 Paschali

194 642 208 656 »
232 633 372 668 presenti
391 632 461 661 sine
478 632 588 661 fraude
612 637 641 661 et
663 632 747 661 malo
770 631 912 669 ingenio.
935 632 988 661 Sic
1006 640 1055 661 me
1074 632 1158 661 Deus

195 695 208 709 ν)
233 687 262 712 et
278 688 391 713 cetera.
413 696 426 711 υ
447 701 484 706 -
506 686 620 714 Actum
639 694 670 713 ui
695 684 765 713 idus
782 684 907 722 aprilis,
927 693 975 712 111⁸
995 684 1072 713 feria
1091 688 1160 722 post

191 737 317 766 octabas
334 737 493 776 Pa[s]‹:lie‚
511 737 687 766 indictione
707 746 764 766 1111.

233 790 381 819 Restabat
403 789 460 818 illa
487 790 661 819 exactionis
682 795 711 818 et
737 782 928 819 extorsionis
945 790 1044 827 portio
1064 793 1097 819 nt
1119 790 1158 818 de

193 842 384 872 investiture
400 842 614 881 permissione
632 842 836 881 privilegium
862 843 926 880 regi
949 842 1159 880 personaliter

192 896 394 925 scriberetur.
414 896 480 925 Nec
502 896 569 934 ipse
593 896 691 934 igitur
712 905 770 925 uec
792 896 890 934 ipsius
909 895 1055 925 laterales
1076 896 1158 933 passi

192 953 268 978 sunt,
289 951 324 977 ut
344 949 428 978 iutra
452 949 563 978 urbem
583 949 740 986 scriptura
756 948 811 977 illa
834 949 1026 984 disserretur,
1045 948 1100 977 ubi
1114 949 1157 977 si-

190 1000 304 1038 gillum
321 1001 482 1039 pontificis
497 1001 671 1030 dimissum
688 1001 802 1030 fuerat.
817 1000 926 1030 Altero
941 1001 1046 1039 itaque
1058 1001 1110 1030 die.
1124 1001 1155 1030 in

192 1053 302 1083 eodem
319 1062 430 1092 campo
446 1054 501 1092 qui
520 1053 646 1092 Septem
660 1053 805 1082 Fratrum
821 1053 949 1090 dicitnr,
962 1053 1038 1082 dnm
1056 1058 1157 1083 castra

192 1110 374 1142 moventur,
392 1105 473 1136 illud
489 1106 598 1135 dictari
616 1106 766 1145 oportuit,
785 1111 814 1136 et
830 1107 961 1135 transito
974 1107 1063 1144 juxta
1080 1115 1157 1145 pou-

194 1164 256 1189 tem
273 1156 433 1189 Salarium
449 1160 574 1188 Tiberis
593 1159 702 1194 fluvio,
721 1159 797 1188 dum
814 1159 897 1197 apud
916 1160 1070 1189 Octavum
1088 1168 1157 1188 cas-

194 1216 240 1242 tra
257 1213 317 1242 sit-a
340 1218 463 1249 essent,
485 1213 604 1243 accitus
626 1213 665 1243 ab
688 1213 774 1243 Urbe
795 1213 983 1242 scriniarius
1003 1213 1157 1251 seriptum

192 1265 274 1295 illud
290 1266 374 1295 inter
393 1270 566 1296 nocturnas
586 1266 732 1296 tenebras
748 1267 898 1295 exaravit.
922 1266 980 1296 Cui
1001 1266 1158 1295 nimirum

191 1318 307 1357 scripto
335 1318 455 1348 ibidem
484 1319 632 1357 quamvis
656 1319 780 1348 invitus
801 1319 938 1356 pontifex
958 1319 1157 1357 subscripsit.

192 1371 292 1401 Porro
308 1379 381 1401 cnm
399 1370 518 1401 ibidem
535 1375 654 1400 cartam
672 1371 773 1409 ipsam
793 1381 843 1401 rex
868 1372 1055 1410 accepisset,
1077 1376 1159 1410 post-

191 1424 322 1454 modum
347 1433 422 1454 cum
447 1424 482 1453 in
509 1424 676 1454 ecclesiam
704 1425 787 1454 beati
813 1425 898 1454 Petri
927 1425 1156 1463 pervenissent,

192 1481 262 1516 post
277 1486 392 1507 corone
410 1478 626 1515 acceptionem
645 1487 713 1506 eam
731 1477 770 1506 ad
786 1487 918 1507 manum
934 1478 1093 1516 pontificis
1110 1486 1160 1506 re-

195 1530 280 1566 tulit,
308 1539 364 1560 nec
391 1530 494 1560 solnm
521 1535 632 1560 contra
659 1531 727 1569 ejus
752 1530 963 1565 voluntatem,
986 1530 1040 1560 sed
1064 1524 1159 1559 etiam

193 1587 302 1613 contra
319 1591 447 1613 omnem
467 1583 736 1613 consuetudinem
761 1584 798 1612 de
821 1593 919 1613 manu
943 1584 1010 1622 ejus
1028 1584 1157 1621 accepit.

193 1636 371 1666 Coronatus
389 1641 436 1666 est
451 1640 559 1666 antem
584 1637 669 1665 idem
691 1645 743 1665 rex
768 1637 865 1674 portis
888 1637 1039 1666 omnibus
1061 1637 1160 1666 Home

196 1689 308 1725 Urbis,
332 1698 373 1718 ne
393 1690 465 1727 quis
487 1689 605 1718 rivium
630 1689 667 1718 ad
691 1698 763 1718 enm
789 1689 966 1724 accederet,
994 1690 1157 1719 obseratis.

193 1742 269 1772 Post
284 1742 539 1779 coronationem,
558 1742 658 1771 finitis
677 1743 774 1771 misse
792 1741 1024 1780 sollempnibus
1037 1742 1076 1771 ad
1092 1751 1158 1772 cas-

192 1798 238 1823 tra
255 1795 287 1823 iu
309 1803 458 1832 campum
482 1795 656 1832 egreditur.
676 1795 821 1824 Pontifex
844 1799 918 1824 tunc
940 1795 1066 1824 tandem
1086 1804 1158 1825 cnm

191 1846 346 1885 episcopis
373 1851 402 1876 et
424 1846 644 1876 cardinalibus
664 1846 745 1876 liber
769 1847 801 1875 in
826 1847 945 1877 Urbem
974 1848 1161 1885 regrediens

193 1903 279 1929 tanta
309 1899 487 1938 frequentia
519 1900 627 1938 populi
661 1901 858 1929 occurrentis
891 1905 920 1929 et
958 1901 1059 1929 Deum
1089 1901 1159 1930 lau-

191 1952 298 1981 dantis
317 1952 484 1991 excipitur,
511 1957 545 1982 ut
570 1953 618 1981 vix
641 1953 724 1982 circa
749 1962 896 1990 vesperas
921 1953 958 1982 ad
984 1953 1159 1991 hospitium

193 2005 329 2043 potuerit
346 2005 524 2042 pervenire.
544 2006 661 2034 Actum
680 2005 785 2033 idibus
804 2004 926 2043 aprilis,
945 2014 977 2034 va
998 2005 1075 2034 feria
1094 2010 1162 2043 post

190 2057 317 2087 octabas
335 2057 466 2093 Pasche,
486 2057 661 2086 indictione
679 2066 752 2086 una.

232 2110 298 2139 Hec
317 2110 399 2139 sicut
421 2111 505 2148 passi
529 2119 640 2139 sumus
657 2115 687 2139 et
706 2110 807 2139 oculis
830 2111 945 2139 nostris
966 2111 1107 2139 vidimus
1132 2116 1162 2140 et,

191 2162 323 2192 auribus
352 2163 466 2192 nostris
490 2162 676 2191 audivimus
702 2171 789 2191 mera
816 2163 979 2192 voluntate
1002 2164 1160 2202 perscrip-

192 2224 304 2245 simus.

148 2373 246 2403 CXL.
273 2390 312 2394 —
339 2373 517 2403 Commu
544 2381 685 2402 TERTtUM
715 2373 876 2402 LA'rsnAN.
902 2383 933 2404 ix
957 2374 1160 2404 Coxsrxxri-

190 2436 284 2456 mam
307 2435 448 2456 nasimca
471 2435 677 2455 fiscanum-un
692 2427 713 2454 ¹.

231 2534 328 2562 Anno
343 2531 505 2561 dominice
520 2532 750 2561 incarnationis
766 2536 914 2570 u⁰c⁰xin⁰‚
933 2542 972 2561 xv
988 2532 1051 2562 kal.
1072 2533 1159 2570 apri—

193 2585 244 2619 lis,
264 2584 421 2614 celebrata
437 2588 483 2613 est
498 2583 632 2613 sinodus
650 2584 797 2613 Laterani
813 2593 830 2613 a
846 2584 965 2614 domno
985 2594 1063 2623 papa
1082 2585 1161 2615 Pas-

192 2770 215 2796 l.
232 2768 313 2795 Cette
329 2769 409 2803 pi'ece
427 2769 557 2803 prox-ient
573 2776 692 2802 encore,
709 2769 726 2794 it
738 2777 756 2803 y
772 2778 787 2794 a
805 2772 868 2796 tout
891 2769 946 2795 lieu
962 2769 997 2794 de
1013 2770 1038 2795 le
1055 2771 1159 2803 croire,

153 2817 190 2844 du
205 2818 327 2851 registi-e
344 2817 378 2843 de
394 2817 491 2843 Pascal
509 2816 544 2843 It.
564 2816 642 2843 C‘est
659 2825 694 2843 nn
709 2818 813 2844 extrait
830 2817 882 2843 des
898 2821 978 2844 actes
994 2818 1030 2844 du
1049 2819 1160 2844 concile

153 2866 188 2893 de
208 2866 284 2893 ΗΓΖ.
301 2865 344 2892 On
359 2866 383 2892 la
402 2870 501 2892 trouve
516 2866 597 2892 aussi
613 2866 684 2892 dans
701 2866 725 2892 la
741 2867 785 2892 vie
801 2866 836 2892 de
856 2866 952 2892 Pascal
970 2866 997 2892 It
1013 2866 1050 2892 du
1067 2867 1161 2893 cardi-

153 2915 198 2940 nal
216 2914 323 2947 Boson,
339 2914 411 2940 mais
427 2922 498 2940 avec
514 2922 569 2940 nne
581 2914 664 2940 finale
682 2915 745 2948 plns
759 2915 910 2948 completo.
930 2913 1002 2948 Voy.
1017 2922 1081 2940 mon
1099 2914 1160 2940 edi-

151 2963 212 2989 tion
229 2962 265 2989 du
284 2963 310 2989 L.
329 2963 368 2992 Ρ..
390 2966 410 2988 t.
427 2961 469 2994 ΙΙ,
488 2971 515 2996 p.
532 2962 661 2989 370-372.
684 2962 721 2988 La
739 2963 776 2988 fin
797 2962 833 2988 du
857 2966 916 2988 mot
938 2963 1063 2988 Laterau.
1081 2967 1109 2988 ct
1127 2971 1160 2989 ce

150 3011 203 3044 qui
219 3011 287 3043 suit,
304 3011 376 3036 dans
393 3011 417 3036 le
433 3011 509 3042 titre,
528 3014 594 3037 sont
609 3010 784 3049 dessseconde
801 3010 887 3036 main.

1281 419 1364 447 chali
1383 420 1414 448 iu
1437 420 1566 450 basilica
1586 422 1867 458 Constantiniana,
1893 424 1945 452 ubi
1969 425 2104 462 episcopi
2127 434 2241 463 quani·

1282 471 1388 509 plures
1407 481 1440 499 ex
1470 473 1583 501 italicis·
1609 474 1779 511 provinviis
1803 475 2027 513 interfuerunt,
2053 478 2240 516 transalpini

1281 525 1354 555 duo.
1378 527 1412 555 In
1437 537 1498 565 qua
1522 529 1674 558 nimirum
1697 530 1809 560 sinodo
1831 531 1867 560 de
1886 532 2084 561 Guibertiuis
2107 532 2158 562 dic
2181 538 2241 562 {111⁰

1281 579 1407 616 questio
1423 580 1500 609 lacta
1516 586 1573 616 ost,
1591 590 1626 611 eo
1643 583 1726 619 quod
1742 584 1937 612 referrentur
1953 585 2043 622 quasi
2062 595 2095 614 ex
2111 587 2241 624 permis·-

1283 631 1371 660 sione
1395 641 1472 670 pape
1497 633 1663 663 interdicta
1684 635 1782 663 offitia
1805 635 1975 665 ‹t-elebrare.
1994 637 2082 666 Tunc
2103 638 2241 675 pontifex

1282 684 1343 712 ait:
1360 697 1372 709 u
1388 684 1453 713 Nec
1470 688 1762 716 excommunicatos
1775 688 1854 717 sicut
1866 689 2097 727 aiuntqnidam
2109 700 2242 727 genera-

1284 748 1296 762 „
1322 736 1393 766 liter
1408 737 1565 776 al)solv[i].
1587 739 1715 768 Constat
1732 740 1817 768 euim
1837 742 2000 770 neminem
2019 743 2081 771 uisi
2103 744 2242 780 peniten-

1284 801 1297 815 »
1323 794 1383 818 tem
1403 796 1433 819 et
1452 792 1691 821 satissatientem
1707 793 1915 822 absolutionis
1928 795 2060 831 gratiam
2076 797 2240 834 consequi.

1284 854 1296 868 »
1322 843 1388 872 Nec
1405 843 1606 872 Guiliertiuis
1620 845 1716 874 offitia
1737 845 1903 875 interdicta
1917 848 2052 876 restitui.
2072 848 2172 877 immo
2190 849 2242 877 131:-

1284 908 1295 921 ›1
1321 896 1418 926 clesie
1437 898 1626 927 seutentiam
1642 899 1673 927 iu
1689 907 1741 928 eos
1756 899 1870 928 editam
1884 901 1970 937 juxta
1989 902 2242 939 predecessorum

1283 962 1296 975 ³>
1322 954 1502 979 nostrorum
1546 951 1809 981 deliberationem
1853 952 2021 982 laudamus
2063 959 2091 983 et
2128 956 2243 983 coufir-

1283 1014 1296 1027 »
1322 1011 1459 1031 mamus.
1482 1015 1494 1028 r>

1325 1054 1380 1083 Die
1394 1059 1498 1083 autem
1517 1060 1547 1083 νο
1560 1056 1642 1085 idem
1663 1058 1800 1094 pontifex
1821 1059 1960 1087 narravit
1976 1061 2125 1088 omnibns
2143 1061 2244 1098 quali-

1283 1111 1328 1136 ter
1345 1116 1360 1135 a
1380 1108 1519 1137 Heuriro
1539 1109 1784 1138 'l'eutonieorum
1812 1120 1883 1147 rege
1902 1120 1973 1140 cuni
1992 1113 2146 1150 episcopis
2169 1114 2242 1151 [iui-

1282 1159 1414 1188 busdam
1434 1165 1463 1189 et
1478 1161 1696 1190 cardinalibus
1722 1166 1783 1190 tam
1810 1163 2004 1201 presbyteris
2026 1174 2121 1202 quam
2139 1165 2244 1195 diaco-

1282 1213 1380 1242 nibus
1397 1218 1512 1243 etcum
1532 1224 1647 1251 magna
1673 1220 1733 1244 tam
1759 1216 1977 1246 Romanorum
1996 1226 2090 1255 quam
2108 1218 2242 1248 aliorum

1283 1267 1338 1304 qui
1356 1270 1429 1295 tuuc
1442 1275 1548 1296 secum
1566 1268 2005 1298 convenerantmultitudine
2019 1274 2126 1308 raptus
2140 1270 2243 1306 fuerit,

1283 1328 1444 1357 quamque
1460 1324 1587 1349 coactus
1607 1325 1716 1349 contra
1737 1320 2001 1351 deliberationem
2023 1332 2112 1351 suam
2139 1323 2246 1352 fecerit

1283 1380 1338 1410 pro
1355 1372 1575 1409 redemptione
1589 1373 1802 1410 captivorum,
1827 1382 1880 1411 pro
1905 1383 1978 1412 pace
1995 1375 2113 1412 populi,
2136 1384 2189 1413 pro
2208 1376 2246 1405 li-

1283 1426 1402 1455 bet-tate
1433 1425 1589 1459 Ecclesie,
1622 1430 1654 1454 ut
1682 1426 1863 1464 supradicto
1894 1428 1961 1464 regi
1985 1427 2026 1457 de
2050 1428 2247 1457 investituris

1283 1487 1362 1516 quas
1383 1479 1490 1516 sepius
1516 1479 1720 1516 prohibuerat
1742 1479 1895 1517 scriptum
1920 1481 2135 1509 concessionis
2160 1481 2247 1511 daret

1283 1535 1312 1561 et
1326 1533 1509 1570 juramenta
1528 1540 1582 1569 per
1598 1532 1758 1569 episcopos
1783 1542 1837 1561 seu
1855 1533 2035 1562 cardinales
2056 1534 2123 1563 fieri
2146 1535 2246 1571 preci-

1284 1588 1380 1622 peret,
1399 1589 1554 1621 quatenus
1579 1593 1634 1613 nec
1657 1585 1695 1613 de
1719 1585 1920 1613 investituris
1936 1586 2087 1624 deinceps
2107 1596 2178 1615 eum
2196 1588 2247 1616 iu-

1276 1638 1438 1676 quietaret
1467 1646 1523 1666 uec
1552 1638 1582 1665 iu
1614 1646 1779 1675 personari)
1809 1638 1877 1674 ejus
1903 1638 2073 1667 anathema
2106 1644 2244 1677 poneret.

1284 1703 1290 1715 (

1322 1690 1494 1725 Quamvis,
1514 1691 1568 1725 ait,
1587 1690 1726 1719 contiuo
1741 1691 1934 1727 juramentis
1954 1700 1986 1728 pr
2010 1691 2108 1729 posita
2125 1692 2246 1730 abipso

1285 1755 1297 1769 »
1323 1747 1354 1772 et
1370 1743 1436 1771 suis
1452 1743 1558 1771 miuus
1574 1742 1738 1771 observata
1755 1743 1806 1778 sit,
1823 1752 1926 1780 neque
1939 1744 2025 1772 enim
2039 1749 2247 1773 servaverunt

1284 1806 1298 1823 »
1323 1795 1414 1824 uobis
1430 1795 1513 1833 quod
1532 1795 1571 1823 ab
1585 1795 1630 1823 eis
1644 1795 1788 1832 juratum
1804 1800 2246 1833 est‚egota111011emnium-

1285 1861 1297 1874 »
1322 1857 1417 1886 quam
1434 1848 1720 1881 anathematizabo,
1741 1857 1906 1886 nunqnam
1925 1849 1963 1878 de
1981 1850 2178 1879 investituris
2197 1851 2247 1879 iu-

1285 1913 1296 1925 »
1323 1900 1481 1937 quietabo.
1506 1900 1663 1935 Quoniam
1688 1901 1775 1929 enim
1803 1906 1910 1929 nostre
1935 1902 2194 1931 commonitionis
2218 1908 2247 1931 et

1285 1966 1297 1979 n
1323 1953 1518 1983 cobet-tionis
1543 1953 1730 1981 instantiam
1756 1953 1953 1991 repulerunt,
1977 1954 2245 1992 habeutjudicem

1285 2018 1297 2032 ι)
1326 2007 1438 2035 Deum.
1467 2007 1563 2035 Porro
1585 2006 1739 2043 scriptum
1765 2006 1845 2035 illud
1867 2007 1949 2044 quod
1975 2015 2027 2044 pro
2047 2008 2171 2043 magnis
2191 2017 2246 2037 ue-

1285 2071 1297 2084 »
1322 2059 1521 2087 cessitatihus
1535 2064 1671 2093 coactus,
1687 2067 1748 2088 uon
1764 2068 1819 2096 pro
1834 2059 1897 2087 vita
1911 2068 1991 2095 mea,
2007 2068 2067 2088 uon
2081 2069 2136 2097 pro
2148 2060 2248 2089 salute

1286 2123 1297 2137 n
1323 2116 1352 2140 et
1370 2110 1470 2148 gloria
1489 2120 1569 2147 mea,
1587 2111 1641 2139 sed
1659 2119 1713 2148 pro
1732 2110 1806 2140 solis
1826 2111 1964 2140 Ecclesie
1982 2113 2248 2150 oportunitatilms

1285 2177 1297 2190 n
1323 2165 1393 2193 sine
1410 2164 1543 2192 fratrum
1567 2163 1701 2192 consilio
1724 2168 1778 2192 aut
1795 2163 2088 2202 subscriptionilms
2106 2165 2174 2199 feci,
2195 2175 2247 2194 su-

1284 2230 1297 2243 „
1324 2226 1377 2255 per
1391 2225 1453 2254 quo
1469 2215 1559 2245 nulla
1574 2217 1757 2245 conditione
1771 2216 1859 2245 nulla
1874 2217 2082 2254 promissione
2094 2219 2248 2247 constrin-

1286 2282 1298 2296 »
1323 2270 1442 2307 gimur,
1461 2278 1556 2307 prave
1573 2269 1691 2298 factum
1708 2278 1880 2306 cognosco,
1905 2279 1998 2308 prave
2016 2271 2130 2299 factum
2149 2272 2248 2300 coufi-

1284 2335 1297 2349 »
1324 2327 1399 2358 teor,
1418 2327 1448 2351 et
1468 2322 1602 2352 omnino
1624 2322 1741 2359 corrigi
1760 2323 1898 2351 Domino
1917 2327 2076 2360 prestante
2091 2324 2247 2353 desidero.

1284 2388 1298 2401 »
1321 2376 1421 2413 Cujus
1437 2375 1641 2404 correctionis
1659 2374 1791 2404 modum
1810 2375 1940 2403 fratrum
1958 2376 2012 2413 qui
2031 2381 2250 2405 convenerunt

1283 2441 1298 2455 »
1322 2427 1455 2458 consilio
1476 2427 1666 2466 judicioque
1689 2428 1859 2463 constituo,
1887 2436 1926 2456 ne
1951 2428 2028 2456 forte
2053 2437 2107 2465 per
2133 2428 2189 2457 hoc
2215 2429 2248 2457 in

1285 2494 1297 2507 n
1323 2485 1483 2520 posterum
1507 2480 1737 2510 detrimentum
1757 2480 1886 2517 aliquod
1907 2480 2042 2509 chizlesie
2067 2486 2121 2509 aut
2141 2482 2248 2510 anime

1285 2546 1297 2560 ι)
1324 2533 1562 2571 meejnditium
1584 2532 1795 2570 relinquatur.
1818 2544 1828 2557 r>

1321 2586 1410 2615 Tunc
1439 2585 1606 2614 communi
1634 2585 1780 2613 omnium
1811 2585 1915 2614 favore
1949 2584 2112 2614 laudatum
2143 2590 2187 2615 est
2217 2591 2251 2616 ut

1283 2639 1394 2667 fratres
1416 2646 1528 2667 omues
1553 2637 1609 2674 qni
1635 2637 1757 2666 donum
1784 2646 1802 2665 a
1831 2637 1896 2666 Deo
1921 2637 2075 2674 sapientie
2101 2639 2249 2668 scientie-

1282 2699 1345 2728 que
1362 2694 1569 2728 perceperant
1592 2690 1748 2718 maturius
1772 2698 1868 2727 super
1886 2690 1945 2719 hoc
1967 2691 2138 2720 consilinm
2161 2700 2247 2721 com-

1283 2742 1373 2770 muni
1399 2741 1567 2770 collatione
1599 2741 1814 2778 susciperent,
1838 2741 1920 2779 quod
1946 2744 2093 2780 sequenti
2117 2743 2169 2772 dio
2195 2753 2250 2782 per

1280 2794 1526 2832 inspirationem
1554 2793 1656 2822 sancti
1682 2793 1819 2831 Spiritus
1844 2794 2082 2831 responderent.
2109 2796 2167 2825 Die
2188 2797 2248 2826 ita-

1282 2855 1344 2884 que
1358 2853 1412 2881 via,
1430 2855 1491 2883 qne
1507 2849 1535 2874 et
1554 2845 1666 2874 ultima
1682 2845 1811 2874 concilii
1829 2845 1898 2881 ruit,
1918 2846 1992 2876 fidei
2009 2856 2067 2876 sue
2083 2849 2248 2878 veritatem

1282 2899 1401 2927 sanctis
1416 2898 1558 2936 patribus
1572 2907 1625 2935 per
1643 2898 1751 2927 omnia
1768 2904 2000 2935 congruentem
2015 2900 2152 2929 domnus
2171 2911 2249 2940 papa

1284 2951 1319 2980 P.
1350 2952 1383 2979 iu
1407 2951 1569 2980 audientia
1591 2950 1718 2980 concilii
1745 2950 1840 2980 totins
1865 2952 2027 2990 exposuit,
2050 2961 2195 2983 assereus
2217 2964 2249 2984 se

1284 3004 1462 3042 Scripturas
1479 3009 1603 3032 sanctas
1620 3004 1734 3033 veteris
1750 3012 1784 3032 ac
1802 3005 1875 3033 novi
1899 3007 2079 3035 testamenti
2097 3012 2126 3036 et
2141 3009 2249 3037 couci-
