2434 3530
93 903 116 921 10

89 1167 113 1185 15

83 1959 110 1978 30

81 2328 108 2347 35

696 353 747 382 LE
770 354 916 383 LIBER
939 352 1171 383 CENSUUM
1198 353 1250 381 DE
1275 349 1460 385 L'EGLISE
1484 356 1693 387 ROMAINE.

191 421 267 447 nent
279 418 352 456 jure
375 418 569 448 hereditario
585 418 633 448 vel
647 419 790 458 quolibet
806 419 918 455 modo,
938 419 1056 456 taliter,
1072 419 1154 449 sicut

190 470 309 500 dictum
334 476 395 507 est,
419 471 458 500 ad
485 472 706 510 proprietatem
732 473 904 502 vendimus
928 477 958 503 et
986 473 1152 509 tradimus,

190 532 245 562 pro
261 528 389 553 centum
407 525 583 562 nonaginta
599 525 689 554 libris
707 526 953 562 assortiatorum‚
969 534 1048 564 quos
1064 525 1155 555 nobis

190 585 245 615 pro
270 580 331 607 toto
350 578 450 615 pretio
473 578 604 607 dedistis
619 578 651 607 in
669 587 798 608 omnem
822 588 926 608 veram
946 578 1152 608 decisionem.

191 630 228 659 Et
245 630 284 659 ab
301 629 458 660 hodierna
475 631 580 669 itaque
596 631 647 660 die
666 630 829 660 licentiam
850 636 879 660 et
895 635 1077 669 potestatem
1096 631 1153 659 ha-

189 683 287 712 beatis
312 683 465 719 intrandi⁷
494 683 641 719 tenendi,
669 683 795 718 utendi,
826 683 970 719 fruendi,
997 683 1152 719 donandi,

188 736 425 773 commutandi,
447 740 476 765 et
500 736 654 775 quicquid
676 736 841 766 volueritis
868 737 905 765 ad
930 737 1152 775 proprietatem

189 789 338 819 faciendi.
356 789 422 819 Nos
438 793 544 818 autem
563 792 593 818 et
616 789 714 818 nostri
739 788 871 819 heredes
894 789 1065 819 defendere
1082 798 1153 827 pro-

188 842 346 871 mittimus
362 842 402 871 al)
416 842 506 871 omni
526 841 675 878 homine,
700 842 727 871 si
746 851 874 872 necesse
893 843 999 873 suerit.
1017 843 1107 878 Quod
1126 843 1154 872 si

186 899 296 924 contra
316 894 376 925 hec
397 904 460 933 que
481 894 564 924 dicta
588 899 663 924 sunt
683 894 828 933 quolibet
853 896 947 925 modo
969 895 1081 925 venire
1105 899 1153 925 at-

188 947 449 986 temptaverimus
472 952 502 977 et
526 951 639 977 cuncta
661 956 722 986 que
752 947 834 976 dicta
859 953 934 977 sunt
960 957 1022 978 non
1044 948 1152 977 obser-

186 1001 378 1037 vaverimus,
395 1001 467 1030 etsi
487 1009 567 1039 opus
583 1004 613 1030 et
630 1009 760 1030 necesse
782 1001 878 1030 fuerit
898 1005 926 1030 et
947 1001 972 1029 si
994 1010 1029 1030 ea
1046 1001 1154 1030 defen-

185 1054 259 1083 dere
294 1053 513 1089 noluerimus,
551 1058 614 1082 tam
653 1062 710 1083 nos
746 1062 841 1091 quam
883 1055 982 1083 nostri
1020 1054 1153 1085 heredes

184 1115 414 1145 componamus
431 1107 519 1137 vobis
535 1106 714 1145 vestrisque
738 1107 974 1137 suecessoribus
997 1116 1053 1145 pro
1073 1117 1153 1146 pena

184 1161 364 1198 supradicta
387 1160 526 1198 pretium
547 1159 701 1198 duplum;
727 1163 757 1189 et
777 1160 879 1189 soluta
896 1170 976 1198 pena
999 1160 1059 1190 hec
1076 1170 1151 1190 ven-

183 1214 316 1243 ditionis
331 1213 451 1243 cartula
468 1217 620 1252 perpetuo
638 1213 731 1242 firma
748 1218 943 1251 permaneat.
962 1214 1065 1249 Quam
1078 1214 1150 1243 scri-

182 1266 320 1296 bendam
337 1266 523 1304 rogavimus
540 1266 703 1295 Audi-earn
722 1266 929 1295 scriniarium
946 1266 979 1295 in
998 1275 1108 1296 mense
1123 1270 1153 1296 et

182 1319 358 1349 indictione
374 1319 556 1358 supradicta
573 1328 614 1348 VI.

223 1373 360 1410 Signum
383 1376 414 1407 »Β
440 1382 554 1402 manus
578 1373 834 1411 supradictorum
861 1372 1098 1402 Aldebrandini
1122 1376 1151 1402 et

183 1425 379 1456 Bernardini
408 1425 549 1455 filiorum
584 1425 715 1456 Ubolini
752 1426 790 1456 de
819 1425 1023 1455 Calmaniare
1052 1426 1150 1464 hujus

181 1479 303 1509 cartule
321 1482 517 1517 rogatorum.

220 1532 387 1563 Johannes
406 1533 514 1562 Bonus
530 1531 640 1562 domni
660 1541 738 1570 pape
755 1531 974 1568 marescallus,
993 1531 1150 1561 Bibianus

182 1586 221 1616 de
239 1589 348 1615 sancto
373 1585 543 1624 Apostolo,
566 1585 680 1614 Petrus
698 1584 828 1621 Ricins,
849 1584 1046 1620 Donnellus,
1070 1584 1151 1614 Nar—

182 1639 334 1675 nienses;
366 1638 522 1668 Beraldus
550 1638 587 1667 de
616 1637 803 1674 Thebaldo‚
834 1637 993 1667 Rodulsus
1022 1637 1060 1667 de
1092 1637 1149 1667 Se-

179 1694 333 1727 morecto,
356 1691 461 1721 Guido
484 1690 523 1720 de
546 1691 634 1720 Bono
656 1690 728 1727 Dei,
755 1690 952 1720 Octavianus
972 1690 1146 1727 Anastasfi,

179 1744 406 1774 Carboncellus
423 1744 462 1773 de
485 1743 702 1779 Radicofano,
729 1743 922 1778 Wieardus,
946 1742 1148 1773 Rolandiuus

178 1797 367 1836 particarius
392 1797 431 1826 de
456 1795 646 1833 Ferentino,
674 1795 801 1825 llditius
825 1795 941 1833 judex,
972 1795 1148 1825 Raiuerius

178 1850 424 1889 Trigintacoste,
444 1848 563 1878 milites
579 1848 695 1884 Tusci3
716 1848 952 1886 Fortisguerra,
974 1847 1148 1877 Bernardi-

178 1912 238 1933 nus
262 1903 350 1932 filius
371 1902 549 1938 willelmi,
575 1902 733 1931 Ranutius
759 1901 798 1930 de
824 1901 1041 1937 Bernardino,
1061 1901 1147 1930 Wil-

177 1955 293 1985 lelmus
306 1956 344 1985 de
362 1955 540 1992 Montorio,
562 1954 827 1984 Aldebraudinus
843 1954 881 1982 de
900 1953 1062 1990 Drudulo,
1083 1954 1145 1983 lto-

177 2009 292 2038 landus
318 2009 356 2037 de
385 2008 512 2042 Ezzolo,
544 2007 778 2043 Buccaneceia,
804 2007 956 2036 Rusticus
978 2007 1016 2036 de
1044 2007 1146 2036 Ermi-

177 2062 262 2098 nola,
282 2061 425 2091 Arlottus
439 2062 477 2091 de
497 2060 629 2097 Belizzo,
651 2064 755 2090 testes.

216 2115 281 2153 Ego
311 2114 456 2144 Andreas
488 2114 675 2144 scriniarius
703 2118 810 2143 sancte
837 2113 983 2142 Romane
1010 2111 1143 2142 ecclesie

176 2171 206 2198 et
221 2168 302 2198 sacri
322 2168 544 2196 Later-axiensis
564 2166 671 2205 palatii
688 2165 844 2204 complevi
861 2170 890 2194 et
907 2163 1041 2194 absolvi.

135 2324 240 2355 CIIII.
264 2341 302 2346 —
325 2325 430 2354 Ammo
453 2332 693 2354 TRANSCIUPTUM
720 2333 860 2353 CARTULE
888 2332 974 2356 QUAM
1000 2332 1145 2353 parantem

176 2387 307 2408 coim'rsss
327 2377 359 2407 J.
383 2387 423 2406 m·
447 2377 483 2406 B.
510 2386 545 2406 na
575 2386 658 2407 'rou
686 2386 789 2406 Tanna
818 2385 874 2406 sua
902 2385 1003 2405 nau-o
1034 2376 1143 2406 PaTno

176 2440 215 2460 ET
237 2438 343 2460 nonno
365 2439 441 2459 ΡΑΡΕ
463 2439 627 2460 Facaanxr
643 2431 663 2458 ¹.

215 2536 252 2565 In
270 2535 401 2565 nomine
417 2535 550 2565 Domini
566 2540 596 2564 et
613 2540 726 2564 cetera.
747 2535 813 2564 Nos
831 2534 1091 2563 Aldebraudinus
1111 2537 1143 2563 et

168 2711 191 2731 ⁸2
206 2706 271 2730 etsi
286 2713 343 2730 om.
360 2706 383 2729 A
399 2719 426 2723 -
443 2710 472 2730 22
488 2706 666 2729 malescalcus
684 2706 708 2729 A
725 2718 754 2722 —-
774 2710 804 2730 24
819 2705 940 2728 Tebaldo
956 2705 980 2728 Α
994 2717 1025 2721 -
1041 2704 1141 2727 Senio-

133 2751 199 2774 ritto
216 2750 240 2774 A
254 2764 282 2767 —
302 2755 331 2775 26
348 2749 514 2774 Wiccardus
531 2750 554 2773 A
568 2763 598 2767 —
613 2754 642 2774 27
659 2749 772 2773 Ildicius
789 2750 812 2772 A
827 2762 855 2766 -—
872 2754 900 2774 29
916 2748 1058 2772 Ranucius
1075 2749 1097 2771 A
1113 2761 1142 2765 —

134 2794 298 2818 Guillelmus
315 2795 338 2817 A
353 2807 382 2810 —
399 2798 428 2819 32
445 2794 538 2817 Belizo
554 2794 577 2817 A

171 2959 195 2985 1.
212 2957 307 2984 Meme
322 2957 397 2983 date.
414 2971 450 2977 -
465 2956 616 2990 Min-atari,
634 2957 711 2989 Ant„
730 2960 748 2981 t.
768 2955 799 2987 Ι,
822 2964 848 2989 p.
871 2955 932 2982 631.
956 2969 988 2973 —
1004 2954 1140 2987 Albinus,

133 3005 180 3032 XI
200 3005 243 3033 33.
260 3006 315 3032 Les
332 3007 441 3032 memes
458 3006 611 3032 restituent
628 3013 662 3031 au
681 3012 752 3039 pape
770 3003 877 3030 Adrien
895 3002 935 3029 IV
950 3006 977 3028 et
993 3011 1028 3029 au
1045 3002 1142 3029 Saint-

2184 355 2244 386 389

1279 420 1499 452 Bernardinus
1513 432 1529 452 a
1547 426 1682 461 presenti
1703 426 1752 455 die
1768 426 1925 456 donamus
1941 430 1971 455 et
1987 425 2194 456 concedimus
2213 431 2244 454 et

1278 482 1332 511 per
1349 474 1407 503 lioc
1424 475 1675 507 instrumentum
1696 479 1852 508 tradimus
1869 479 1935 515 tihi,
1956 480 2074 509 domno
2093 479 2240 509 Adriano

1277 534 1295 554 a
1313 527 1378 556 Deo
1391 527 1514 559 decreto
1529 539 1605 568 pape
1620 531 1694 566 1111,
1710 532 1885 570 vestrisque
1900 532 2065 562 catholicis
2081 541 2240 562 successo-

1278 577 1367 606 ribus
1389 583 1418 608 et
1442 585 1549 610 sancte
1576 582 1719 612 Romane
1742 583 1874 613 ecclesie
1897 584 1935 612 ad
1961 584 2182 622 proprietatem
2206 584 2239 613 in

1278 636 1483 668 perpetuum,
1508 633 1539 662 id
1565 639 1611 663 est
1635 639 1730 665 totam
1757 641 1871 665 terram
1899 642 2040 667 nostram
2056 660 2062 672 ,
2088 638 2239 668 videlicet

1278 683 1408 713 fractam
1431 685 1489 714 filii
1514 687 1649 724 Azouis,
1675 689 1798 718 curiam
1821 690 1859 719 de
1882 690 2058 727 Mai-isano,
2085 690 2236 720 medieta-

1279 738 1339 764 tem
1373 736 1497 773 Orzoli,
1530 739 1651 769 Collem
1682 741 1845 778 Longum,
1878 742 2053 778 Getonam,
2085 743 2237 772 Sanctam

1277 787 1411 818 Crucem
1424 812 1431 825 ,
1450 791 1597 821 Sanctam
1621 793 1766 833 Luciam,
1791 803 1914 824 roccam
1937 795 2043 825 Sancti
2063 796 2239 834 Stephani,

1279 840 1491 879 nipesenam,
1526 845 1725 875 medietatem
1757 847 1910 883 precem,
1940 852 2085 886 quartam
2117 852 2237 887 partem

1280 893 1409 930 Biccni‚
1432 901 1461 925 et
1480 898 1673 934 generaliter
1691 899 1884 938 ubicumque
1901 900 1968 937 lege
1987 905 2017 930 et
2037 902 2159 931 ratione
2182 909 2240 931 no-

1278 946 1325 975 bis
1341 947 1450 986 aliquo
1471 950 1562 980 modo
1583 951 1704 989 aliquid
1721 954 1869 990 competit
1885 952 1934 982 vel
1957 958 2134 992 competere
2156 958 2240 992 pote·

1278 1000 1336 1035 rit,
1353 1000 1490 1038 qualiter
1516 1003 1608 1032 nobis
1626 1005 1784 1041 pertinent
1802 1005 1875 1043 *iure
1895 1005 2088 1035 hereditario
2114 1006 2164 1036 vel
2182 1006 2242 1035 ali-

1277 1060 1340 1089 quo
1357 1053 1469 1088 modo,
1491 1054 1595 1084 taliter
1613 1065 1664 1085 eas
1683 1057 1772 1087 vobis
1788 1058 1993 1088 concedimus
2011 1067 2064 1097 pro
2083 1058 2194 1088 multis
2210 1064 2241 1089 et

1276 1105 1428 1142 gravibus
1455 1107 1585 1137 offensis
1608 1118 1686 1146 quas
1709 1110 1797 1140 vobis
1819 1111 1937 1141 domno
1961 1121 2038 1150 pape
2063 1112 2240 1151 vestrisque

1277 1158 1554 1195 predecessoribus
1581 1166 1611 1191 et
1636 1163 1724 1192 curie
1750 1164 1895 1193 Romane
1923 1173 1994 1202 sepe
2026 1165 2170 1194 fecimus.
2204 1165 2242 1194 Et

1276 1210 1352 1248 quia
1368 1212 1493 1241 easdem
1515 1215 1752 1250 prenominatas
1772 1220 1868 1245 terras
1892 1217 1930 1246 de
1948 1217 2020 1254 jure
2045 1222 2074 1247 et
2094 1217 2240 1247 dominio

1277 1262 1359 1292 beati
1378 1264 1461 1294 Petri
1479 1270 1586 1304 aperte
1603 1267 1700 1297 fuisse
1715 1269 1943 1306 comperimus,
1962 1270 2094 1308 ideoque
2115 1279 2166 1299 eas
2185 1279 2240 1300 vo-

1276 1315 1324 1345 bis
1341 1316 1441 1346 libere
1458 1318 1670 1354 restituimus,
1692 1321 1863 1356 tradimus,
1883 1322 2087 1351 concedimus
2104 1327 2132 1352 et
2146 1322 2241 1361 largi-

1277 1378 1350 1398 mur
1370 1375 1464 1408 atque
1484 1377 1596 1409 sponte
1614 1373 1780 1403 offerimus
1800 1383 1854 1411 pro
1878 1375 2094 1413 redemptione
2117 1376 2242 1405 anima-

1274 1431 1346 1451 rum
1375 1428 1558 1453 nostrarum
1585 1430 1614 1454 et
1639 1431 1806 1464 parentum
1833 1432 2036 1464 nostrorum3
2065 1432 2098 1457 ut
2121 1429 2161 1457 ab
2185 1429 2240 1459 lio-

1274 1474 1386 1504 dierna
1412 1476 1522 1515 itaque
1548 1477 1599 1507 die
1630 1478 1792 1508 licentiam
1823 1484 1853 1510 et
1881 1484 2065 1519 potestatem
2096 1481 2241 1511 habeatis

1274 1527 1428 1566 intrandi,
1445 1530 1586 1567 tenendi,
1604 1532 1726 1571 utendi,
1740 1533 1879 1569 fruendi,
1894 1534 2065 1570 vendendi,
2082 1534 2237 1569 donandi.

1274 1582 1508 1620 commutandi,
1537 1587 1567 1612 et
1587 1584 1741 1623 quicquid
1766 1585 1932 1615 volueritis
1955 1586 1994 1615 ad
2021 1586 2188 1617 utilitatem
2210 1591 2241 1617 et

1276 1642 1370 1676 usum
1387 1634 1471 1664 beati
1492 1636 1577 1665 Petri
1594 1640 1622 1666 et
1644 1641 1751 1668 sancte
1773 1639 1916 1669 Romane
1934 1639 2065 1670 ecclesie
2087 1644 2238 1679 perpetuo

1272 1685 1425 1724 placuerit
1451 1688 1602 1719 faciendi.
1630 1690 1696 1720 Nos
1716 1695 1825 1721 autern
1845 1695 1874 1721 et
1902 1693 2002 1722 nostri
2027 1693 2161 1723 heredes
2185 1693 2238 1723 de-

1272 1738 1402 1769 fendere
1431 1741 1649 1778 promittimus
1674 1743 1714 1772 ab
1745 1745 1835 1774 omni
1862 1745 2012 1782 homine,
2047 1746 2074 1775 si
2108 1755 2238 1777 necesse

1270 1791 1368 1821 fuerit
1386 1798 1463 1830 etc.;
1482 1803 1562 1832 pena
1579 1801 1707 1825 centum
1723 1798 1793 1827 auri
1808 1797 1916 1828 libras.

1309 1845 1477 1876 Johaiines
1501 1847 1611 1877 Bonus
1632 1848 1744 1878 domni
1766 1859 1843 1889 pape
1862 1852 2068 1882 marescallus
2090 1857 2119 1882 et
2135 1855 2234 1883 ceteri

1271 1901 1365 1927 testes
1380 1899 1565 1936 supradicti.

1229 2056 1294 2086 CV.
1321 2073 1358 2078 —-
1379 2059 1483 2088 Atini)
1511 2068 1749 2090 'ranscmprun
1776 2071 1918 2092 can‘ruca
1948 2073 2046 2094 noum
2083 2074 2160 2095 ΡΑΡΕ
2196 2075 2235 2096 1³13

1268 2119 1372 2139 EADEM
1397 2119 1499 2140 'ranna
1524 2121 1609 2145 QUAM
1636 2122 1746 2143 EISDEM
1774 2123 1940 2146 COMITIBUS
1975 2126 2006 2146 ix
2040 2127 2234 2150 nssxssrmnn

1268 2165 1461 2192 CONCESStT1.

1308 2268 1345 2297 In
1371 2269 1504 2299 nomine
1528 2271 1670 2308 Domini,
1689 2277 1718 2302 et
1734 2276 1838 2303 cetera
1859 2279 1892 2304 ut
1908 2284 2014 2314 supra.
2032 2277 2096 2315 Ego
2113 2278 2234 2308 Adria-

1259 2452 1277 2471 11
1296 2447 1387 2477 aliquo
1403 2448 1484 2471 modo
1501 2449 1580 2472 nobis
1598 2450 1619 2472 A
1635 2462 1665 2467 —
1680 2443 1709 2475 28¹
1724 2451 1902 2475 malescalcus
1918 2452 1941 2475 A

1225 2614 1310 2649 Sic-ge
1341 2616 1382 2642 les
1412 2620 1504 2642 terres
1533 2617 1618 2650 qu'ils
1649 2618 1823 2652 possedeat,
1850 2628 1962 2646 comme
1987 2621 2148 2655 reparation
2178 2622 2231 2648 des

1224 2656 1443 2690 offenses'dout
1465 2665 1500 2690 ils
1524 2672 1556 2690 se
1581 2669 1647 2692 sont
1669 2666 1776 2692 rendus
1801 2668 1967 2702 coupables.
1995 2669 2106 2703 Boson,
2130 2672 2148 2697 l.
2172 2679 2197 2699 c.
2223 2682 2231 2698 .-

1226 2712 1317 2737 Totam
1343 2713 1426 2738 etiam
1440 2713 1586 2739 eorundem
1602 2715 1733 2740 comitum
1750 2718 1852 2741 terram
1873 2718 1941 2742 sicul
1958 2719 2116 2744 continetur
2132 2721 2161 2745 in
2175 2727 2232 2753 pu-

1224 2760 1291 2786 blico
1306 2768 1399 2786 eurum
1418 2762 1602 2787 instrumento
1625 2763 1696 2794 qnod
1716 2766 1752 2788 est
1775 2765 1803 2788 in
1824 2765 1925 2790 arctrz‘s
1947 2767 2094 2797 νερυειίιιιη
2115 2769 2145 2793 in
2164 2776 2230 2801 pro-

1219 2810 1315 2841 priam
1333 2809 1404 2834 beati
1419 2810 1492 2835 Petri
1507 2810 1683 2836 hereditatem
1702 2819 1751 2844 per
1772 2813 1893 2844 ipsorum
1909 2817 2087 2847 spontaneam
2102 2816 2232 2844 ‹lunatio-

1223 2864 1283 2882 nem
1301 2859 1408 2890 recepit.

1264 2905 1284 2930 l.
1305 2904 1396 2930 §ieme
1418 2905 1492 2931 date.
1517 2919 1551 2925 —
1572 2906 1712 2939 Albinus,
1735 2907 1778 2933 XI
1800 2908 1843 2935 34.
1866 2909 1975 2936 Adrion
1991 2911 2031 2937 IV
2049 2913 2196 2940 retrocede
2212 2916 2228 2940 a

1224 2952 1406 2979 Ildebrandin
1423 2957 1451 2979 et
1468 2953 1634 2985 Bernardin,
1648 2957 1661 2980 :i
1675 2956 1739 2982 titre
1755 2956 1790 2982 de
1807 2957 1862 2992 fief,
1881 2959 1922 2984 les
1939 2963 2029 2987 terres
2045 2962 2130 2995 qu'ils
2146 2963 2229 2989 vien-

1224 3005 1291 3027 nent
1306 3001 1340 3027 de
1357 3001 1395 3027 lui
1414 3002 1559 3029 restituer.

2311 646 2324 665 ΕΙ

2296 911 2321 930 10

2298 1175 2322 1193 ¹5

2294 1438 2321 1457 ΞΟ

2294 1702 2305 1721 ιιι

2308 1703 2321 1722 0(

2292 2071 2318 2089 30
