2434 3530
98 916 120 933 10

98 1177 120 1195 15

97 1438 121 1456 ΞΘ

98 1700 122 1718 2ῖ

98 1962 122 1979 30

100 2485 125 2503 40

149 367 206 397 370

189 429 413 469 suprascriptis
439 428 587 457 videlicet
613 428 781 465 provintiis
808 428 942 457 urbibus
968 428 1150 457 civitatibus

188 482 311 521 oppidis
332 481 443 510 castris
466 480 579 509 viculis
604 480 719 509 insulis
740 481 909 510 territoriis
932 485 1026 519 atque
1054 480 1151 519 patri-

190 535 306 564 moniis
332 542 454 563 necnon
479 538 507 562 et
530 533 738 571 pensionibus
761 537 855 572 atque
872 533 1033 569 censibus,
1055 533 1098 562 ita
1117 536 1153 562 nt

189 596 245 616 nec
264 596 319 616 nos
337 595 372 615 ea
391 586 505 615 facturi
527 587 628 615 simus
650 595 753 625 neque
775 586 972 624 quibuslibet
993 595 1028 616 ea
1050 586 1153 616 facere

190 639 369 668 volentibus
388 639 642 675 consentiamus,
663 639 716 668 sed
738 640 838 677 potius
855 639 963 669 onmia
980 648 1041 677 que
1057 647 1152 677 snpe-

189 692 255 720 rins
272 691 435 727 leguntur,
457 690 488 719 id
511 695 558 719 est
575 691 733 728 provintie
757 691 902 721 civitates
921 692 1016 721 urbes
1038 691 1153 729 oppida

188 744 317 773 castella
347 743 507 772 territoria
533 748 563 772 et
591 744 781 781 patrimonia
806 748 902 782 atque
927 744 1051 773 insulas
1078 752 1153 773 cen-

189 805 304 834 susque
333 800 360 825 et
388 795 559 833 pensiones
585 795 622 824 ad
651 800 771 834 partem
801 796 933 825 ecclesie
960 796 1044 826 beati
1068 796 1154 825 Petri

188 848 318 887 apostoli
343 852 436 885 atque
460 848 647 885 pontificum
672 849 704 877 in
726 849 942 878 sacratissima
961 849 1035 878 sede
1054 849 1154 887 ipsius

188 900 400 930 residentium
417 909 473 929 uos
486 900 517 928 in
534 903 690 938 quantum
705 909 876 939 possumus
890 901 1072 931 defensores
1087 910 1155 931 esse

190 958 352 988 testamur,
377 953 415 981 ad
439 953 497 982 boc
522 957 555 982 ut
578 962 614 982 ea
637 953 672 982 in
694 953 782 983 illius
799 954 922 984 ditione
942 954 979 983 ad
997 955 1153 984 utendum

189 1011 217 1036 et
250 1006 421 1035 fruendum
455 1010 550 1043 atque
585 1006 821 1044 disponendum
857 1007 993 1036 firmiter
1029 1007 1156 1037 valeant

187 1059 341 1096 optineri,
369 1058 456 1087 salva
480 1059 514 1087 in
539 1060 693 1088 omnibus
723 1064 872 1098 potestate
904 1063 1011 1090 nostra
1039 1065 1068 1090 et
1096 1060 1155 1090 filii

190 1116 417 1149 postet-umque
442 1115 623 1141 nostrorum
651 1112 827 1141 secundum
849 1113 932 1151 quod
956 1113 988 1142 in
1014 1117 1103 1152 pacto
1127 1117 1156 1142 et

189 1163 415 1193 constitutione
432 1172 466 1193 ac
483 1164 707 1201 promissionis
724 1165 877 1195 firmitate
894 1165 1031 1203 Eugenii
1050 1166 1154 1204 ponti-

190 1216 258 1245 ficis
276 1225 560 1255 successorumque
578 1217 668 1247 illius
684 1218 876 1255 continetur,
890 1218 922 1247 id
940 1222 986 1247 est
1003 1222 1035 1248 ut
1051 1219 1156 1248 omnis

189 1269 293 1298 clerus
308 1274 337 1298 et
354 1270 499 1299 universi
516 1270 626 1308 populi
643 1271 781 1300 Romani
799 1271 950 1301 nobilitas
966 1276 1092 1310 propter
1107 1272 1156 1301 di-

190 1330 297 1351 versas
322 1323 526 1351 necessitates
553 1327 581 1351 et
606 1323 795 1361 pontificum
822 1324 1060 1354 irrationabiles
1083 1333 1157 1362 erga

191 1374 342 1412 populum
357 1374 419 1404 sibi
434 1375 612 1413 subjectum
627 1376 814 1414 asperitates
831 1377 1086 1416 retund[e]ndas‚
1105 1386 1156 1406 sa-

191 1431 354 1457 cramento
373 1436 405 1456 se
421 1427 539 1465 obliget
554 1429 708 1466 quatinus
732 1429 839 1459 sutura
863 1430 1049 1468 pontificum
1073 1430 1154 1460 elec-

193 1481 250 1516 tio„
269 1485 424 1518 quantum
448 1482 706 1520 uniuscujusque
723 1482 904 1512 intellectus
925 1484 1038 1521 fuerit,
1061 1492 1155 1514 cano-

192 1533 261 1561 nice
280 1537 309 1561 et
334 1533 415 1571 juste
436 1533 501 1562 fiat.
528 1534 564 1562 Et
580 1539 613 1563 ut
629 1534 682 1563 ille
699 1535 753 1572 qni
769 1535 807 1564 ad
824 1535 883 1565 boc
900 1540 1044 1565 sanctum
1061 1540 1157 1575 atque

191 1587 400 1625 apostolicum
437 1589 579 1625 regimen
611 1588 744 1626 eligitur
773 1590 903 1619 nemine
937 1592 1157 1621 consentiente

192 1644 394 1669 consecratus
421 1640 475 1668 fiat
501 1641 657 1678 pontifex,
684 1642 871 1681 priusquam
902 1643 994 1672 talem
1021 1644 1054 1673 in
1083 1653 1156 1682 pre-

191 1692 292 1720 sentia
318 1692 491 1721 missorum
517 1695 697 1722 nostrorum
720 1693 769 1722 vel
791 1694 850 1723 filii
878 1696 976 1724 nostri
999 1705 1053 1725 seu
1080 1696 1157 1725 uni-

191 1753 279 1773 verse
302 1744 520 1781 generalitatis
548 1745 643 1775 faciat
663 1747 911 1784 promissionem
935 1757 989 1786 pro
1011 1749 1157 1778 omnium

191 1797 406 1827 satisfactione
423 1801 519 1836 atque
536 1798 645 1828 futura
661 1801 915 1837 conservatione,
933 1801 1061 1839 qualem
1078 1802 1158 1831 don-

192 1859 252 1879 nus
271 1854 300 1879 et
318 1851 521 1880 venerandus
545 1852 723 1890 spiritualis
742 1858 828 1892 pater
844 1858 950 1883 noster
967 1854 1029 1884 Leo
1047 1858 1158 1893 sponte

193 1903 303 1932 fecisse
328 1903 516 1933 dinoscitur.
545 1905 692 1935 Preterea
722 1905 786 1936 alia
813 1906 940 1936 minora
968 1907 1043 1937 hnic
1071 1909 1158 1946 operi

191 1956 363 1984 inserenda
388 1957 606 1994 previdimus,
626 1958 775 1988 videlicet
795 1963 828 1988 ut
848 1960 880 1988 in
901 1959 1055 1990 electione
1081 1970 1158 1999 pon-

192 2009 312 2037 tificum
338 2018 441 2047 neque
462 2009 542 2038 liber
562 2019 664 2049 neque
684 2020 796 2041 servus
817 2012 856 2041 ad
878 2012 936 2042 hoc
958 2014 1066 2042 venire
1090 2024 1158 2052 pre-

193 2067 297 2091 sumat
323 2067 355 2090 nt
376 2062 441 2091 illis
460 2063 613 2093 Romanis
633 2073 712 2102 qnos
733 2065 771 2094 ad
794 2065 876 2095 hanc
897 2066 1085 2096 electionem
1107 2078 1161 2106 per

192 2115 455 2143 constitutionem
489 2120 671 2145 sanctorum
709 2121 833 2155 pati-nm
867 2119 1000 2157 antiqua
1032 2119 1161 2150 admisit

193 2167 388 2196 consuetudo
415 2167 543 2206 aliquod
575 2169 669 2198 saciat
696 2169 979 2208 impedimentum.
1012 2173 1102 2208 Quod
1134 2173 1159 2202 si

193 2219 263 2257 quis
294 2224 401 2248 contra
433 2220 516 2249 lianc
548 2226 687 2251 nostram
718 2223 979 2253 constitutionem
1012 2224 1059 2254 ire
1090 2235 1160 2263 pre-

194 2273 375 2311 sumpserit,
404 2273 498 2303 exilio
526 2274 678 2304 tradatur.
706 2276 842 2314 Insuper
868 2277 963 2306 etiam
993 2282 1025 2306 ut
1051 2277 1160 2307 nullus

192 2325 365 2354 missorum
393 2329 575 2356 nostrornm
601 2328 834 2367 cujuscumque
860 2330 1083 2368 impeditionis
1109 2339 1160 2360 ar-

193 2382 381 2415 gumentum
401 2388 591 2417 componere
610 2380 643 2409 in
663 2380 816 2418 prefatam
836 2381 1024 2412 electionem
1046 2383 1161 2414 audeat

193 2430 411 2468 prohibemus.
430 2432 511 2461 Nam
530 2437 558 2462 et
574 2432 634 2462 hoc
647 2434 846 2464 omnimodis
860 2435 1028 2465 instituere
1043 2436 1163 2475 placuit

195 2483 296 2521 utqui
315 2483 414 2513 semel
436 2484 494 2514 sub
517 2485 645 2523 spetiali
664 2486 851 2516 defensione
869 2488 981 2517 domni
998 2489 1163 2526 apostolici

195 2535 262 2564 sive
287 2539 395 2565 nostra
418 2537 539 2566 suerint
561 2539 693 2576 recepti,
723 2540 892 2577 impetrata
917 2541 1003 2579 juste
1033 2547 1164 2573 utantur

194 2587 390 2618 defensione.
416 2589 506 2624 Quod
529 2590 555 2619 si
580 2591 653 2629 quis
676 2591 708 2620 in
731 2600 931 2630 quemquam
954 2593 1085 2624 illorum
1108 2596 1164 2634 qui

196 2639 253 2669 hoc
273 2646 517 2678 [nomeruerunt
532 2642 655 2672 violare
675 2645 913 2682 presumpserit.
934 2647 1012 2675 sciat
1029 2656 1060 2676 se
1080 2649 1164 2685 peri-

196 2692 303 2722 culum
326 2693 389 2723 vite
417 2704 473 2724 sue
500 2704 568 2724 esse
596 2696 777 2726 incursum.
803 2696 889 2727 Illud
918 2698 1014 2728 etiam
1046 2700 1162 2730 confir-

194 2964 198 2982 ι
218 2959 367 2987 provinciis
384 2960 405 2982 A
421 2973 449 2976 —
465 2965 478 2984 ά
493 2967 581 2991 neque
599 2963 619 2985 A
642 2977 669 2980 —
690 2969 703 2988 6
725 2965 866 2994 provincie
885 2967 905 2989 A
925 2980 952 2983 —
972 2973 984 2992 9
1002 2968 1074 2991 illius
1095 2969 1116 2992 A
1136 2983 1164 2986 —

164 3007 186 3026 19
203 3002 387 3025 retundandas
405 3003 423 3026 C
440 3016 469 3020 -—
485 3009 507 3028 [ιι
527 3007 645 3036 suseepti
665 3008 686 3030 A
702 3020 731 3025 -—
747 3013 776 3033 ΛΔ
792 3009 968 3034 incursurum
987 3012 1007 3035 A

695 364 743 392 LE
768 364 911 392 LIBER
935 361 1169 392 CENSUUM
1194 361 1247 390 DE
1272 357 1458 392 L'EGLISE
1481 363 1691 393 ROMAINE.

1274 435 1400 457 mamus
1422 433 1455 457 nt
1480 428 1588 459 donno
1610 428 1782 468 apostolico
1802 429 1921 467 justam
1945 429 1977 457 in
2000 429 2151 458 omnibns
2173 438 2239 459 ser-

1276 484 1349 509 vent
1374 481 1590 511 obedientiam
1617 491 1671 511 seu
1698 481 1832 511 ducibus
1857 490 1892 510 ac
1914 481 2079 520 judicibus
2107 481 2176 511 suis
2201 482 2241 512 ad

1271 533 1431 570 justitiam
1457 534 1642 564 satiendam.
1667 535 1750 563 Huic
1771 533 1857 563 enim
1880 533 2078 563 institutioni
2102 533 2162 564 hoc
2185 543 2240 564 ne-

1275 586 1411 615 cessario
1423 586 1660 616 adnectendum
1674 596 1741 616 esse
1760 586 1979 625 perspeximus
1994 590 2027 615 ut
2041 586 2130 615 missi
2143 587 2242 617 donni

1275 638 1438 675 apostolici
1463 647 1517 668 seu
1546 640 1646 669 nostri
1671 648 1797 678 semper
1820 639 1886 668 sint
1912 638 2076 668 constituti
2102 639 2156 677 qni
2183 647 2243 668 an-

1276 691 1401 719 nuatim
1426 691 1518 721 nobis
1535 691 1583 720 vel
1603 691 1669 721 filio
1690 695 1797 721 nostro
1819 691 2005 720 renuntiare
2022 690 2148 720 valeant
2164 700 2243 730 qua-

1276 741 1351 771 liter
1367 743 1490 780 singuli
1507 743 1605 773 duces
1620 753 1656 774 ac
1669 744 1792 782 judices
1810 743 1924 782 populo
1938 743 2096 781 justitiam
2113 743 2242 781 saciant,

1277 794 1360 824 hanc
1378 795 1578 834 imperialem
1601 797 1866 826 constitutionem
1883 795 2042 834 quomodo
2062 796 2242 825 observent.

1277 846 1336 882 Qui
1362 847 1452 877 missi
1475 848 1682 878 decernimus
1707 853 1742 878 ut
1766 849 1907 887 primum
1933 852 2065 878 cunctos
2089 847 2244 878 clamores

1276 899 1330 937 qui
1349 909 1403 937 per
1419 899 1651 938 negligentiam
1668 901 1786 930 ducum
1809 901 1929 930 fuerint
1952 901 2076 929 inventi
2098 901 2137 930 ad
2158 901 2245 930 noti-

1278 952 1353 981 tiam
1376 952 1478 982 donni
1496 953 1661 990 apostolici
1680 953 1826 983 deferant
1843 956 1872 982 et
1887 953 1955 991 ipse
1971 962 2073 982 unum
2089 963 2105 983 e
2122 953 2245 983 duobus

1278 1004 1384 1042 eligat,
1396 1009 1449 1034 ant
1466 1006 1573 1035 statim
1589 1015 1643 1043 per
1659 1005 1785 1035 eosdem
1802 1005 1916 1035 missos
1932 1006 2012 1034 fiant
2026 1006 2092 1044 ipse
2107 1005 2246 1035 necessi-

1279 1060 1357 1086 tates
1386 1057 1570 1094 emendate,
1592 1062 1647 1087 aut
1667 1058 1765 1087 misso
1795 1061 1900 1087 nostro
1921 1058 2014 1088 nobis
2039 1058 2246 1087 renuntiante

1279 1119 1333 1148 per
1351 1115 1476 1140 nostros
1493 1111 1607 1141 missos
1631 1120 1648 1139 a
1672 1111 1762 1140 nobis
1781 1111 1916 1140 directos
1934 1111 2156 1141 emendentur.
2179 1111 2247 1141 Hoc

1280 1167 1314 1192 nt
1330 1163 1369 1192 ab
1391 1163 1542 1193 omnibus
1562 1163 1712 1193 fidelibus
1734 1167 1840 1193 sancte
1858 1163 1917 1192 Dei
1935 1163 2067 1193 ecclesie
2085 1167 2114 1192 et
2130 1164 2247 1193 nostris

1280 1215 1409 1245 firmum
1425 1225 1493 1245 esse
1511 1216 1671 1252 credatur,
1689 1215 1816 1255 proprie
1833 1224 1949 1245 manus
1964 1215 2129 1253 signaculo
2145 1220 2175 1245 et
2191 1224 2247 1245 no-

1279 1267 1397 1298 bilium
1420 1269 1612 1307 optimatum
1638 1272 1819 1298 nostrorum
1845 1267 2161 1307 subscript[i]onibus
2187 1268 2248 1298 hoc

1280 1327 1408 1360 pactum
1437 1322 1696 1352 confirmationis
1725 1326 1831 1351 nostre
1859 1321 2080 1351 roboravimus
2108 1327 2137 1350 et
2161 1320 2249 1351 bulle

1280 1378 1386 1404 nostre
1400 1374 1607 1412 impressioni
1623 1373 1783 1411 assignari
1797 1374 1967 1412 jussimus.
1983 1373 2121 1411 Signum
2135 1373 2249 1403 domni

1279 1427 1407 1457 Ottonis
1426 1426 1629 1456 serenissimi
1650 1426 1854 1464 imperatoris
1874 1434 1909 1455 ac
1931 1434 2063 1455 suorum
2085 1426 2247 1464 episcopo-

1280 1489 1351 1509 rum
1373 1479 1522 1509 abbatum
1545 1483 1573 1508 et
1595 1479 1762 1508 comitum.
1789 1478 1925 1515 Signum
1948 1478 2107 1515 Adaldagi
2127 1479 2249 1508 Hama-

1280 1532 1464 1569 burgiensis
1492 1530 1626 1561 ecclesie
1654 1530 1899 1569 archiepiscopi.
1932 1530 2070 1568 Signum
2103 1531 2250 1560 l-Iabertis

1280 1585 1450 1614 Cnriensis
1466 1584 1597 1614 ecclesie
1614 1584 1765 1622 episcopi.
1785 1584 1921 1622 Signum
1938 1584 2129 1621 Drisogonis
2145 1583 2249 1614 Osna-

1280 1638 1499 1676 bruggnensis
1529 1637 1661 1667 ecclesie
1691 1632 1841 1675 episcopi.
1873 1637 2011 1674 Signum
2038 1636 2163 1666 Ottonis
2189 1637 2250 1666 Ar-

1281 1690 1483 1728 gentinensis
1511 1689 1643 1719 ecclesie
1670 1689 1819 1727 episcopi.
1845 1689 1983 1726 Signum
2010 1689 2150 1719 Otuuini
2178 1688 2248 1718 Hil-

1280 1743 1511 1773 tinesemensis
1543 1742 1677 1772 ecclesie
1710 1742 1859 1780 episcopi.
1894 1741 2031 1779 Signum
2065 1741 2250 1770 Landivarti

1284 1796 1508 1826 Mindonensis
1531 1795 1664 1825 ecclesie
1687 1795 1836 1833 episcopi.
1865 1794 2001 1831 Signum
2019 1793 2114 1831 Ogeri
2131 1794 2249 1823 Neme-

1283 1849 1419 1879 tinensis
1453 1848 1587 1879 ecclesie
1618 1848 1767 1887 episcopi.
1803 1847 1939 1885 Signum
1970 1846 2106 1877 Gezonis
2137 1847 2250 1876 Tortu-

1283 1903 1392 1933 nensis
1420 1902 1552 1932 ecclesie
1585 1901 1734 1940 episcopi.
1767 1901 1903 1938 Signum
1934 1900 2091 1930 Hucberti
2118 1900 2252 1929 Parma-

1283 1956 1393 1985 nensis
1410 1955 1543 1984 ecclesie
1560 1954 1712 1992 episcopi.
1731 1953 1867 1991 Signum
1882 1952 2043 1982 Guidonis
2056 1952 2252 1982 Mutinensis

1283 2008 1417 2038 ecclesie
1436 2007 1586 2046 episcopi.
1612 2007 1748 2043 Signum
1769 2005 1905 2034 Hatonis
1929 2004 2099 2034 Fuldensis
2122 2013 2252 2034 monas-

1284 2061 1355 2090 terii
1386 2060 1519 2090 abbatis.
1551 2059 1689 2096 Signum
1720 2057 1913 2087 Heberharti
1944 2057 2081 2086 comitis.
2113 2057 2251 2094 Signum

1283 2113 1457 2143 Guntharii
1479 2112 1614 2141 comitis
1638 2111 1774 2148 Signum
1796 2110 1942 2147 Burgarti
1959 2110 2094 2139 comitis.
2114 2109 2252 2147 Signum

1284 2167 1399 2196 Ytonis
1433 2165 1571 2195 comitiS.
1603 2164 1741 2201 Signum
1767 2162 1915 2192 Conratis
1945 2162 2082 2192 comitis.
2116 2162 2252 2199 Signum

1287 2220 1450 2248 Ernustes.
1478 2218 1613 2255 Signum
1640 2215 1827 2245 'l‘hiesteris
1849 2215 2017 2252 nit-dages,
2036 2214 2252 2253 Liupenhart-

1285 2272 1392 2309 viges,
1428 2270 1594 2307 Arnolfes,
1628 2268 1809 2306 Ingiltbies.
1846 2267 2078 2302 Burcbarthes,
2113 2267 2252 2305 Retiges.

1287 2326 1383 2354 Anno
1399 2323 1562 2353 dominice
1582 2321 1818 2351 incarnationis
1837 2329 2005 2355 ncccccxn‚
2026 2320 2203 2350 indictione
2221 2330 2251 2356 v,

1286 2386 1398 2406 mense
1419 2376 1594 2412 februario,
1613 2385 1666 2404 xni
1685 2375 1736 2404 die
1754 2374 1896 2413 ejusdem
1922 2373 2060 2409 mensis,
2078 2382 2164 2403 anno
2180 2381 2255 2403 vero

1287 2430 1387 2460 donni
1413 2429 1539 2459 Ottonis
1563 2428 1691 2466 imperii
1716 2428 1917 2465 imperatoris
1937 2426 2140 2455 invictissimi
2158 2428 2255 2455 xxvn⁰

1288 2483 1368 2512 facta
1385 2486 1431 2512 est
1449 2482 1507 2511 hec
1524 2482 1625 2520 pactio
1645 2481 1793 2510 feliciter.

1279 2757 1294 2777 10
1314 2754 1422 2775 annect.
1440 2752 1460 2774 A
1486 2764 1515 2767 —
1541 2756 1564 2775 19
1586 2749 1725 2779 adsignari
1743 2749 1764 2772 A
1781 2762 1809 2765 —
1830 2753 1853 2773 21
1873 2748 1967 2778 ‘fante
1984 2747 2012 2772 S.
2029 2747 2165 2777 Adatdagi
2185 2748 2208 2771 A
2228 2760 2257 2765 —

1248 2801 1277 2822 22
1299 2795 1533 2825 Hamaburgensis
1554 2795 1577 2818 A
1601 2807 1629 2811 —
1656 2793 1765 2817 Arberti
1787 2793 1809 2816 A
1833 2805 1864 2809 —
1888 2797 1917 2817 2³
1939 2790 2161 2822 osnaburgensis
2183 2791 2205 2814 A
2227 2803 2258 2809 —

1247 2845 1276 2865 26
1292 2839 1467 2864 Landuuarci
1484 2839 1506 2862 A
1523 2852 1552 2855 —
1569 2843 1596 2863 27
1614 2837 1709 2868 otgeri
1727 2837 1749 2860 A
1764 2849 1794 2854 —
1815 2841 1844 2861 30
1860 2835 2033 2860 Mutunensis
2050 2835 2072 2858 A
2093 2847 2122 2851 —
2143 2839 2166 2859 31
2190 2834 2257 2858 Hat-

1248 2884 1322 2908 tonis
1352 2885 1373 2907 A
1402 2870 1432 2900 '-
1460 2888 1489 2908 32
1518 2883 1624 2906 abbatis
1653 2881 1796 2911 <signnm
1826 2879 1971 2903 Guntharii
2002 2878 2257 2903 Herolfelseldensis

1248 2928 1408 2952 monasterii
1435 2927 1573 2952 abbatis>
1600 2927 1621 2949 A
1648 2939 1676 2942 —
1704 2923 1847 2948 Eberharti
1869 2924 1891 2947 A
1915 2936 1946 2940 —
1969 2928 1998 2948 31.
2025 2922 2159 2947 Conrates
2181 2922 2203 2945 A
2229 2935 2258 2938 —

1248 2977 1278 2997 35
1293 2972 1447 2995 Thietheris
1466 2972 1485 2994 A
1503 2984 1531 2988 —-
1547 2976 1576 2995 36
1594 2968 1882 2999 Bai-garthesretinges
1899 2967 1920 2990 A
1935 2979 1966 2984 —-
1981 2971 2010 2991 39
2027 2966 2136 2997 imperii
2151 2966 2178 2990 d.
2196 2965 2257 2989 Oct.

1248 3016 1302 3039 inv.
1322 3016 1385 3046 imp.
1405 3016 1425 3039 A

2301 914 2324 933 10

2305 1177 2327 1196 15

2304 1439 2328 1458 20

2305 1703 2330 1722 25

2308 1965 2332 1985 30

2308 2228 2333 2247 35

2309 2490 2334 2509 40

2422 788 2434 946 »2.·›

2422 1041 2434 1093 *AJ
2421 965 2434 1029 ...b-
