2434 3530
125 647 138 665 01

114 909 137 928 10

114 1171 137 1189 15

109 1956 136 1974 30

108 2219 136 2237 35

109 2481 137 2500 40

108 2742 138 2760 15

714 361 764 389 LE
788 360 933 389 LIBER
956 358 1189 389 CENSUUM
1214 358 1268 387 DE
1292 350 1477 389 L‘EGLISE
1502 361 1710 391 ROMAINE.
2203 364 2257 394 381

210 428 275 454 tero
288 428 316 453 et
331 427 369 454 A.
387 424 521 455 diacono
539 430 569 454 et
586 426 620 455 tt.
641 429 670 455 et
687 427 724 455 A.
741 425 905 455 conversis
916 425 1092 462 ceterisque
1109 424 1173 452 fra-

210 476 310 506 tribus
334 477 433 514 ipsius
457 478 663 515 monasterii,
691 478 966 507 consentientibus
983 477 1077 506 etiam
1097 476 1173 505 sub-

207 529 330 567 scriptis
354 529 482 559 vasallis
503 530 606 568 ipsius
629 531 815 560 monasterii
840 535 870 559 et
889 530 1023 559 testibus
1040 529 1172 565 vocatis,

209 581 267 610 hac
286 581 338 610 die
364 582 488 620 propria
512 587 751 620 spontaneaque
774 575 844 612 mea
866 582 1029 611 voluntate
1049 582 1081 610 in
1103 590 1174 619 pre-

207 633 309 662 sentia
326 633 518 663 domnorum
535 634 846 672 archiepiscoporum
864 634 1001 664 Conradi
1018 634 1174 663 501111100-

207 686 272 722 515,
302 687 415 716 Ymari
442 687 714 722 Tusculanensis,
745 687 892 724 Hugonis
918 686 1115 721 Hostiensis,
1144 689 1175 714 et

206 747 311 768 coram
330 739 455 768 domnis
474 739 671 777 presbyteris
689 739 907 768 cardinalibus
921 738 1075 775 Gregorio
1090 737 1173 767 tituli

207 791 310 821 sancti
327 791 457 828 Calixti‚
477 791 633 820 llollando
649 791 806 821 cardinali
828 795 858 820 et
878 790 1083 826 cancellario,
1105 790 1172 819 Hu-

207 843 300 873 baldo
330 843 413 873 tituli
442 848 550 872 sancte
580 843 751 878 Praxedis,
778 843 927 873 Ariberto
958 842 1039 872 tituli
1066 846 1173 871 sancte

206 896 376 925 Anastasie
394 900 424 925 et
438 895 526 925 Julio
545 895 628 925 tituli
647 896 748 925 sancti
765 895 925 932 Marcelli,
948 904 1073 925 necnon
1093 895 1173 924 etin

207 949 367 986 presentia
383 948 576 978 domnorum
596 948 803 978 diaconorum
822 948 1037 978 cardinalium
1052 948 1174 978 Odonis

207 1001 307 1029 sancti
323 1000 454 1038 Georgii
467 1001 507 1030 ad
522 1000 638 1030 Velum
654 1009 801 1038 aureum,
817 1000 971 1030 widonis
984 1005 1090 1029 sancte
1104 1001 1173 1029 Ma-

206 1052 252 1081 rie
275 1052 307 1081 in
327 1052 471 1087 Por-tien,
495 1052 656 1082 Johannis
678 1056 860 1082 sanctornm
883 1053 988 1090 Sergii
1008 1056 1038 1082 01
1060 1052 1171 1087 Bachi,

205 1104 339 1134 Gerardi
363 1109 471 1134 sancte
495 1105 597 1134 Marie
621 1105 655 1134 in
683 1105 740 1134 Via
763 1106 857 1140 Lata,
881 1110 911 1134 et
931 1105 966 1134 B.
991 1110 1173 1134 sanctorum

204 1156 320 1186 Cosme
333 1161 362 1186 et
377 1157 541 1193 Damiani,
554 1161 649 1196 atque
662 1166 768 1187 coram
781 1157 910 1187 domnis
923 1157 1086 1195 judicibus
1099 1156 1175 1186 Gre-

204 1209 294 1246 gorio
310 1209 450 1245 Corano,
469 1210 507 1239 R.
531 1210 636 1248 primo
653 1210 836 1245 defensore,
856 1210 1006 1248 Philippo
1022 1210 1173 1240 saccella-

206 1262 264 1296 rio,
281 1262 435 1291 Mai-done
450 1262 723 1300 protoscriniario,
742 1262 898 1300 Gregorio
909 1262 1031 1292 Corano
1048 1267 1078 1291 et
1094 1262 1173 1292 Iide-

205 1313 427 1352 brandoAqne
435 1314 614 1352 pendentis,
626 1316 660 1343 in
673 1314 832 1353 presentia
839 1315 934 1344 etiam
945 1315 1173 1344 advocatorum

205 1365 365 1395 ι1011011015
400 1366 538 1405 judicis,
571 1367 608 1396 R.
641 1367 679 1396 de
711 1367 898 1403 Scriniario‚
933 1367 1105 1397 Benedicto
1135 1367 1174 1396 de

205 1419 311 1448 Leone
334 1422 364 1448 et
387 1419 583 1449 Bartolomei
598 1443 605 1456 ‚
628 1419 695 1449 loco
714 1424 744 1448 et
762 1420 900 1449 concedo
922 1420 1021 1455 vobis,
1044 1419 1174 1449 domino

206 1475 315 1501 nostro
339 1472 484 1509 Eugenio
510 1480 527 1501 a
552 1472 617 1502 Deo
642 1472 767 1502 decreto
793 1481 919 1502 summo
942 1477 972 1502 et
996 1472 1174 1501 universali

205 1524 349 1562 pontifici
375 1528 406 1553 et
428 1524 464 1553 in
489 1524 703 1554 sacratissima
724 1525 798 1554 sede
818 1525 902 1554 beati
926 1525 1013 1554 Petri
1038 1524 1174 1564 apostoli

205 1584 284 1614 pape
298 1575 361 1613 111,
385 1580 414 1606 01
432 1585 488 1615 per
506 1585 560 1606 vos
576 1577 669 1606 beato
687 1577 780 1607 Petro
796 1577 1012 1616 apostolorum
1034 1578 1174 1616 principi

206 1633 378 1667 sancteque
392 1630 537 1659 Romane
555 1629 688 1659 ecclesie
707 1630 924 1668 omnibusque
940 1630 1050 1660 vestris
1064 1630 1173 1660 catho-

205 1681 276 1711 licis
301 1682 538 1711 successoribus
564 1683 597 1711 in
623 1686 831 1720 perpetuum,
855 1683 887 1711 id
906 1686 952 1712 est
968 1683 1172 1712 medietatem

204 1734 364 1772 integram
398 1735 494 1764 unius
519 1734 615 1764 castri
644 1735 729 1773 quod
760 1739 890 1764 vocatur
916 1735 1171 1772 Radecosannm,

205 1795 278 1816 cum
294 1786 431 1816 dimidia
456 1787 490 1816 in
517 1787 682 1825 integrum
703 1793 789 1826 parte
812 1788 906 1818 totins
926 1788 1024 1818 curtis
1047 1793 1076 1818 et
1098 1797 1172 1818 cum

208 1839 394 1869 tenimentis
411 1840 478 1869 suis
495 1844 524 1869 et
540 1840 642 1877 burgo
658 1840 696 1869 de
713 1839 875 1869 Calamala
890 1845 919 1869 et
932 1840 1048 1870 bandis
1062 1844 1090 1870 et
1106 1841 1172 1879 pla-

204 1892 276 1921 citis
291 1896 321 1922 et
337 1892 483 1922 districtu
503 1897 533 1922 et
550 1893 640 1922 omni
664 1892 785 1922 honore
803 1893 903 1931 ipsius
926 1894 1037 1930 castri7
1063 1894 1172 1922 onmia

204 1945 237 1973 in
258 1945 420 1982 integrum
444 1953 498 1982 pro
519 1944 687 1974 medietate
704 1945 792 1974 vobis
816 1945 990 1983 vestrisque
1009 1954 1171 1975 successo-

205 1997 294 2027 ribus
309 1997 376 2027 1000
394 2002 423 2027 01
438 1997 588 2032 concedo,
603 1998 741 2036 exceptis
757 1998 900 2037 antiquis
919 1999 1172 2036 possessionibus

205 2059 268 2088 que
285 2050 379 2080 etiam
398 2055 538 2089 tempore
554 2050 734 2089 co[m]itum
752 2061 805 2089 per
818 2051 967 2089 spetiales
984 2056 1013 2080 et
1031 2052 1172 2089 proprios

205 2103 371 2133 ministros
388 2103 575 2132 monasterii
601 2104 791 2133 tenebantur
808 2108 838 2133 et
855 2104 1116 2133 custodiebantur
1133 2105 1170 2133 ad

207 2164 300 2185 usum
315 2156 448 2185 fratrum
466 2156 586 2185 ibidem
603 2157 825 2192 servientium,
842 2161 871 2186 et
887 2157 986 2187 feodis
1000 2162 1030 2186 et
1044 2156 1172 2186 libella—

205 2208 261 2237 riis
285 2217 346 2246 que
367 2208 517 2238 similiter
540 2209 672 2238 nomine
693 2213 817 2238 tantum
839 2210 1024 2239 monasterii
1047 2209 1170 2239 detine-

205 2260 337 2300 bantur3
361 2264 521 2290 reservato
545 2261 641 2291 etiam
664 2263 860 2291 monasterio
881 2262 981 2291 sancti
999 2261 1172 2291 Salvator-is

203 2313 276 2351 jure
292 2313 500 2343 ecclesiarum
518 2314 603 2352 quod
620 2314 654 2342 in
671 2316 717 2344 eis
737 2314 842 2343 habet.
866 2315 903 2343 In
926 2315 1027 2352 burgo
1046 2323 1172 2353 quoque

207 2365 246 2395 de
263 2365 426 2395 Calamala
445 2366 588 2396 redditus
607 2367 700 2405 panis
719 2370 748 2396 et
764 2367 831 2396 vini
847 2368 900 2405 qui
923 2367 960 2396 de
975 2368 1061 2404 agris
1078 2372 1109 2396 et
1125 2368 1172 2396 vi-

206 2419 276 2448 neis
292 2418 442 2455 solvitur,
461 2419 630 2457 pensiones
646 2419 742 2449 etiam
760 2420 951 2449 monasterio
968 2424 1074 2450 nostro
1090 2420 1172 2449 inte-

206 2479 261 2508 gre
284 2465 485 2500 reservando.
508 2471 630 2501 Omnes
653 2476 760 2501 autem
786 2472 933 2501 homines
958 2472 1057 2510 ipsius
1079 2473 1173 2501 castri

206 2523 295 2552 vobis
308 2523 486 2560 vestrisque
501 2523 669 2553 catholicis
683 2524 920 2553 suecessoribus
936 2529 1044 2554 contra
1061 2532 1173 2553 001005

206 2575 355 2604 1101111005
380 2575 568 2604 fidelitatem
589 2576 764 2614 jurabunt;
791 2577 892 2606 michi
917 2585 1045 2614 quoque
1068 2577 1174 2605 abbati

206 2627 354 2666 meisque
379 2627 545 2657 catholicis
570 2629 804 2658 successoribus
831 2629 1017 2658 fidelitatem
1044 2629 1170 2663 facient,

207 2680 251 2710 510
269 2685 376 2709 tamen
397 2684 429 2709 ut
449 2681 475 2709 si
496 2681 624 2719 quando
640 2690 697 2719 ego
713 2681 762 2711 vel
787 2690 1008 2722 successorum
1025 2690 1171 2710 meorum

206 2732 342 2771 quilibet
368 2736 472 2771 preter
501 2738 642 2763 tenorem
671 2733 730 2763 hac
757 2734 879 2763 cartula
903 2734 1171 2772 comprehensum

199 2916 213 2935 5
229 2909 422 2940 episcoporum
440 2910 462 2933 Α
481 2923 511 2927 -
532 2916 545 2935 8
560 2911 647 2933 sancti
664 2917 720 2934 orn.
736 2910 759 2933 A
774 2923 804 2926 —
826 2916 844 2935 ιι
864 2909 989 2934 Oddonis
1006 2910 1028 2933 A
1048 2923 1077 2927 —
1100 2916 1123 2935 18
1140 2910 1172 2934 R.

168 2953 384 2984 primo-Corano
405 2961 460 2979 om.
483 2954 504 2977 A
525 2967 552 2971 —
573 2959 603 2980 20
624 2954 717 2977 Barth.
739 2955 761 2977 Α
783 2967 811 2970 -
832 2959 861 2978 26
883 2953 1081 2977 Radecoflnum
1102 2954 1124 2977 A
1143 2966 1173 2970 -—

164 3003 198 3023 32
213 2998 354 3022 conditum
371 2998 416 3022 AC

1297 428 1434 454 castrum
1454 426 1559 464 ipsum
1577 428 1665 457 vobis
1683 429 1857 467 vestrisque
1874 430 2110 459 successoribus
2125 430 2256 460 catholi-

1296 476 1342 505 cis
1360 482 1506 507 sancteve
1532 479 1674 509 Romane
1695 481 1826 511 ecclesie
1845 482 1971 511 anferre
1995 483 2258 520 temptaverimus

1298 527 1346 556 vel
1363 534 1502 558 castrum
1520 531 1625 568 ipsum
1643 532 1690 561 vel
1707 533 1882 570 quamlibet
1894 538 2013 571 partem
2029 535 2095 572 ejus
2107 535 2257 573 cuiqnam

1297 579 1330 607 in
1354 580 1483 610 feudum
1503 582 1549 611 vel
1572 583 1715 621 quolibet
1736 585 1798 614 alio
1820 586 1912 615 modo
1933 587 2184 616 concesserimus
2204 591 2259 617 aut

1296 639 1482 662 concessum
1500 636 1746 673 servaverimus⁷
1764 643 1793 666 et
1812 639 1956 676 requisiti
1975 639 2057 668 infra
2079 648 2110 668 111
2131 648 2257 668 menses

1297 692 1360 712 non
1378 686 1674 724 emendaverimus,
1692 698 1709 717 a
1726 689 1877 719 fidelitate
1892 690 2013 720 abbatis
2036 692 2099 720 sint
2115 692 2209 720 soluti
2228 696 2260 721 et

1296 741 1432 765 castrum
1454 738 1560 776 ipsum
1587 740 1619 768 in
1642 741 1695 778 jus
1718 741 1801 770 beati
1828 743 1911 771 Petri
1936 746 1965 772 et
1987 748 2093 772 sancte
2116 744 2260 773 Romane

1296 788 1427 818 ecclesie
1450 790 1645 821 devolvatur.
1665 793 1698 822 Si
1719 803 1791 823 vero
1808 795 1944 824 domnus
1961 804 2039 834 papa
2061 796 2109 825 vel
2133 805 2260 826 5110005-

1296 849 1402 870 sorum
1426 848 1601 873 vestrornm
1619 845 1753 883 quilibet
1770 847 1849 875 mihi
1867 847 1913 876 vel
1936 857 2151 878 successorum
2171 858 2258 879 mco-

1297 902 1367 922 rum
1383 894 1478 923 alicui
1499 895 1546 924 vel
1567 899 1759 927 monasterio
1776 899 1895 929 solvere
1909 900 2110 937 designatum
2125 910 2259 931 censum

1297 947 1513 983 cessaveritis,
1532 948 1580 977 vel
1600 950 1777 979 custodiam
1800 955 1940 981 nostram
1966 961 2018 982 vos
2042 953 2091 982 vel
2113 954 2260 983 custodes

1297 999 1392 1026 vestri
1421 1000 1599 1037 ejeceritis,
1633 1005 1662 1031 et
1688 1003 1772 1031 infra
1801 1009 1923 1041 tempus
1952 1006 2164 1044 subscriptum
2195 1015 2259 1035 non

1296 1051 1562 1088 emendaveritis,
1586 1058 1661 1083 tnnc
1681 1063 1697 1083 a
1723 1055 1874 1085 fidelitate
1895 1061 1996 1086 vestra
2020 1062 2261 1097 vestrorumque

1297 1111 1515 1133 successorum
1533 1106 1707 1136 solvantur.
1725 1108 1774 1137 Ad
1791 1109 1945 1138 inditium
1964 1115 2069 1140 autem
2086 1111 2170 1149 quod
2191 1120 2260 1141 cas-

1297 1159 1380 1184 trum
1398 1156 1503 1194 ipsum
1524 1160 1707 1188 monasterii
1729 1161 1829 1189 sancti
1850 1161 2020 1191 Salvatoris
2037 1163 2122 1200 juris
2139 1168 2169 1192 01
2187 1172 2259 1202 pro-

1297 1207 1439 1244 prietatis
1462 1218 1587 1247 semper
1607 1211 1733 1247 existat,
1755 1213 1794 1241 ad
1819 1214 2007 1243 vestimenta
2029 1216 2261 1245 monachorum

1297 1268 1352 1289 vos
1369 1262 1528 1300 vestrique
1547 1271 1743 1293 successores
1767 1266 1847 1294 mihi
1867 1267 2011 1305 meisque
2027 1268 2261 1297 successoribus

1297 1315 1327 1341 et
1346 1313 1512 1343 monachis
1528 1316 1584 1352 qui
1599 1325 1653 1354 pro
1671 1320 1809 1355 tempore
1827 1318 1947 1347 suerint
1963 1328 2014 1348 sex
2033 1320 2178 1349 marchas
2191 1321 2261 1358 puri

1296 1366 1421 1402 argenti
1441 1367 1535 1396 annis
1553 1368 1691 1405 singulis
1708 1378 1819 1399 mense
1836 1371 1941 1400 madio
1959 1380 2013 1408 pro
2028 1373 2182 1410 pensione
2194 1382 2262 1410 per-

1297 1417 1436 1449 solvetis.
1455 1420 1523 1448 Hoc
1540 1420 1637 1449 etiam
1653 1421 1729 1450 duxi
1749 1422 1983 1452 adnectendum
2004 1428 2038 1453 ut
2053 1429 2192 1454 castrum
2212 1426 2259 1463 ip-

1297 1478 1369 1499 sum
1388 1479 1444 1508 per
1459 1472 1606 1501 custodes
1624 1478 1745 1504 vestros
1766 1476 1907 1513 proprios
1929 1481 2171 1515 vestrorumque
2188 1486 2262 1506 suc-

1296 1531 1457 1552 cessorum
1475 1526 1647 1569 assumptis
1666 1535 1774 1555 secum
1794 1527 1919 1557 duobus
1933 1528 1981 1557 vel
1995 1529 2093 1558 tribus
2107 1530 2262 1559 custodiis

1296 1575 1376 1604 meis
1402 1585 1612 1615 meorumque
1638 1587 1856 1609 successorum
1879 1589 2006 1619 semper
2027 1586 2182 1618 teneatur,
2207 1592 2262 1620 per

1285 1636 1375 1670 ‘quos
1394 1633 1422 1658 et
1438 1638 1493 1667 per
1508 1629 1587 1659 alios
1606 1630 1754 1661 homines
1770 1632 1870 1670 ipsius
1887 1634 1981 1663 castri
1997 1643 2014 1662 a
2027 1635 2117 1664 vobis
2132 1635 2260 1665 vestris-

1297 1689 1360 1718 que
1379 1683 1627 1720 successorihus,
1648 1684 1731 1714 sicut
1751 1685 1932 1724 quodjuris
1949 1686 2033 1716 beati
2049 1688 2134 1717 Petri
2153 1689 2262 1718 existit

1297 1734 1528 1764 monasterium
1543 1759 1550 1771 ‚
1568 1736 1672 1774 ipsum
1690 1745 1762 1766 cum
1779 1737 1873 1768 bonis
1893 1740 1959 1768 suis
1977 1748 1995 1768 a
2012 1749 2184 1778 pravorum
2201 1740 2260 1771 ho-

1297 1785 1426 1815 minum
1444 1787 1629 1818 incursibus
1645 1789 1843 1826 defendatur,
1862 1798 1920 1820 1100
1935 1791 1974 1820 ab
1991 1792 2111 1822 eisdem
2126 1793 2260 1823 fraudu-

1296 1836 1400 1866 lenter
1420 1847 1477 1868 nec
1498 1839 1655 1870 malitiose
1673 1842 1884 1879 perturbetur,
1903 1847 1933 1872 et
1948 1844 2052 1881 ipsum
2069 1852 2207 1874 castrum
2225 1846 2259 1874 10

1296 1888 1434 1928 alicujus
1460 1891 1593 1922 alterius
1618 1893 1763 1923 dominio
1784 1894 1834 1924 vel
1853 1899 2005 1932 potestate
2028 1897 2093 1926 sive
2115 1897 2260 1927 custodia

1297 1942 1386 1972 nullo
1412 1952 1555 1982 unquam
1574 1945 1607 1974 in
1625 1950 1764 1984 tempore
1784 1948 2002 1985 transferatur,
2019 1954 2048 1979 et
2067 1958 2177 1980 omnes
2192 1959 2260 1980 005-

1298 1996 1386 2025 todes
1410 1997 1507 2026 vestri
1535 1998 1584 2027 vel
1611 2003 1789 2028 vestrorum
1815 2009 2033 2030 successorum
2058 2003 2113 2040 qui
2138 2003 2182 2032 ibi
2205 2012 2260 2041 pro

1299 2052 1438 2086 ternpore
1453 2049 1585 2085 fuerint,
1605 2051 1689 2089 quod
1706 2052 1790 2081 mihi
1807 2058 1836 2081 et
1852 2054 2047 2083 monasterio
2064 2055 2097 2083 in
2113 2055 2181 2093 ipso
2196 2065 2260 2085 cas-

1298 2105 1343 2130 tro
1360 2106 1556 2132 reservatum
1574 2108 1621 2132 est
1633 2104 1715 2133 mihi
1732 2105 1876 2144 meisque
1888 2108 2124 2137 successoribus
2136 2117 2263 2138 conser-

1296 2162 1370 2183 vare
1383 2154 1550 2192 jurabunt.
1568 2156 1601 2184 Si
1619 2165 1692 2186 vero
1708 2157 1908 2195 supradictus
1929 2167 2044 2188 census
2061 2160 2170 2198 aliquo
2187 2169 2262 2190 casu

1295 2214 1350 2243 per
1369 2210 1429 2235 tres
1446 2215 1548 2236 annos
1570 2208 1693 2238 solutus
1717 2218 1779 2239 non
1800 2210 1912 2246 suerit,
1936 2217 1964 2241 et
1980 2221 2033 2241 vos
2055 2213 2120 2242 sive
2136 2222 2261 2242 succes-

1296 2266 1383 2288 sores
1397 2260 1506 2295 vestri‚
1523 2264 1570 2289 ter
1586 2262 1743 2300 requisiti,
1762 2267 1792 2292 et
1810 2263 1843 2292 in
1865 2269 1977 2301 quarto
1994 2274 2078 2295 anno
2098 2266 2259 2303 integrum

1295 2311 1430 2349 persolvi
1449 2320 1511 2341 non
1531 2313 1688 2350 feceritis;
1709 2315 1775 2343 sive
1797 2315 1894 2344 ctiam
1912 2317 2058 2346 custodes
2074 2319 2262 2348 monasterii

1294 2363 1333 2392 ab
1349 2363 1538 2394 hominibus
1556 2367 1667 2395 vestris
1688 2366 1726 2395 de
1747 2371 1848 2397 castro
1869 2368 1958 2406 ejecti
1980 2369 2101 2398 fuerint
2123 2374 2153 2399 et
2175 2370 2261 2399 infra

1295 2424 1328 2444 111
1354 2425 1481 2446 menses
1502 2422 1670 2455 postquam
1698 2420 1787 2448 tertio
1812 2420 1957 2457 requisiti
1982 2421 2126 2459 fueritis,
2146 2431 2260 2460 super·—

1295 2468 1417 2507 adjecto
1443 2474 1583 2507 tempore
1609 2470 1648 2499 ad
1675 2471 1735 2501 iter
1761 2472 1938 2501 fatiendum
1965 2477 1994 2502 et
2018 2474 2057 2502 ad
2082 2475 2258 2504 custodiam

1295 2521 1485 2550 monasterii
1517 2527 1672 2560 oportune
1704 2524 1915 2553 revocandam
1929 2547 1936 2561 ‚
1967 2526 2033 2554 sive
2066 2527 2260 2566 utri[n]sque

1296 2574 1392 2611 partis
1409 2573 1531 2603 malitia
1549 2575 1756 2610 sufficienter,
1774 2576 1917 2606 restituta
1936 2586 1997 2606 non
2016 2578 2122 2614 fuerit,
2137 2579 2195 2608 1100
2210 2579 2258 2609 10-

1295 2626 1432 2655 cationis
1457 2627 1577 2656 cartnla
1600 2627 1638 2657 de
1664 2633 1767 2657 cetero
1790 2628 1910 2658 viribus
1935 2635 2050 2659 careat.
2073 2631 2106 2660 Si
2131 2631 2260 2670 quando

1296 2679 1390 2708 etiam
1415 2680 1580 2709 Romanus
1604 2681 1743 2718 pontifex
1767 2681 1909 2719 qualibet
1936 2691 1972 2711 ex
2000 2691 2094 2712 causa
2119 2688 2259 2713 castrum

1295 2731 1401 2769 ipsum
1424 2732 1464 2761 ad
1482 2741 1596 2762 manus
1617 2742 1689 2762 suas
1710 2734 1848 2763 retinere
1866 2733 2023 2770 noluerit,
2046 2735 2108 2773 ipsi
2131 2744 2258 2766 monas-

1289 2912 1312 2932 14
1326 2907 1457 2930 indicium
1473 2909 1495 2931 A
1509 2921 1535 2925 —
1552 2914 1576 2933 15
1590 2910 1748 2932 monasterii
1763 2916 1817 2932 om.
1832 2910 1855 2933 Α
1869 2922 1898 2927 -
1914 2916 1937 2935 18
1952 2918 2055 2935 marcas
2067 2912 2090 2935 A
2100 2925 2130 2929 —
2143 2917 2166 2938 21
2180 2920 2259 2944 prop.

1254 2954 1324 2976 vest.
1341 2952 1364 2975 Α
1378 2964 1408 2969 -
1423 2956 1452 2976 22
1468 2952 1630 2976 custodibus
1646 2953 1668 2976 Α
1684 2966 1712 2970 -
1727 2958 1758 2978 40
1773 2955 1964 2984 superabjecto
1983 2956 2005 2979 A
2018 2969 2046 2973 -
2066 2956 2223 2981 faciendum
2237 2958 2261 2981 Α

1255 3008 1284 3014 ·-
1298 3000 1322 3020 41
1341 2996 1466 3026 utrisque
1482 2995 1501 3020 C
1517 3009 1548 3013 —
1563 3000 1593 3020 45
1609 3000 1703 3020 tenere
1720 2998 1742 3020 A

2318 920 2341 937 10

2318 1180 2342 1198 15

2316 1964 2341 1982 30

2317 2224 2342 2243 35

2315 2485 2341 2504 40

2314 2747 2341 2766 45
