2434 3530
668 313 717 341 LE
741 312 886 341 LIBER
907 308 1142 340 CENSUUM
1166 308 1220 337 DE
1243 299 1430 337 L'EGLISE
1452 306 1661 337 ROMAINE.
2157 303 2212 332 ‘207

156 381 190 410 in
209 380 290 410 atrio
301 384 374 408 ante
391 383 494 417 portas
511 378 738 407 Lateranensis
755 377 898 411 ecclesie,
918 380 946 404 et
962 373 1124 404 benedici-

158 437 210 462 tur
224 441 242 462 a
256 432 381 471 juniori
394 431 652 470 presbyterorum
665 429 894 465 cardinalium,
907 437 980 457 cun]
995 428 1125 456 incenso

158 490 188 515 et
215 494 297 524 aqua
325 484 503 514 benedicta.
533 483 656 513 Deinde
677 486 815 521 pergunt
836 482 868 510 in
897 480 1027 510 e‹:cl.·sia
1050 488 1124 508 curn

157 546 240 567 novo
261 537 337 575 igne
360 537 460 575 posito
483 536 517 565 in
540 544 661 572 canna,
686 540 717 564 et
737 535 892 564 diaconus
913 533 989 562 dicit
1013 533 1126 560 Lumen

160 591 287 626 Christi,
312 591 413 620 tribus
439 590 580 626 vicihus;
607 588 805 627 postmodum
828 584 964 624 [cerens]
991 584 1125 614 benedi-

158 643 242 673 citur
267 644 307 673 ab
332 643 399 681 ipso
422 642 564 672 diacono.
591 641 757 678 Leguntur
779 639 948 668 duodecim
977 637 1127 666 lectiones

159 696 279 735 latine,
305 701 334 726 et
355 695 526 725 duodecim
548 703 656 732 grece,
676 697 706 721 ct
722 696 892 721 cantantur
911 691 968 719 tria
991 691 1126 726 cantica,

160 749 326 779 Cantemus
337 750 460 777 Domino
468 748 608 785 plot-lose,
628 747 715 775 t'z‘nr‘a
728 747 808 781 sacta
821 750 872 779 est,
886 745 1008 774 :tuende
1019 744 1126 773 celum.

160 803 267 832 Finito
282 802 340 831 hoc
354 801 472 835 officio,
493 800 631 829 doninus
656 798 795 837 pontifex
815 797 980 826 descendit
996 796 1035 824 ad
1057 796 1128 825 fon-

165 860 226 884 tem
239 863 311 884 cum
324 853 469 882 diaconis
486 857 516 882 et
534 851 741 881 subdiaconis
755 851 955 887 regionariis,
971 849 1130 879 cautando

160 907 311 942 letanias,
341 906 543 945 primicerius
569 914 642 933 cum
669 913 727 933 sua
756 903 840 933 scola
864 903 1021 932 cantando
1046 903 1130 931 Sient

160 969 282 995 cervus,
302 968 402 997 usqne
419 959 450 987 in
472 958 629 996 porticum
647 957 747 986 sancti
767 956 936 991 Venantii3
957 955 999 984 ilii
1018 964 1130 994 prepa-

160 1016 228 1042 rato
253 1012 414 1041 facistorio
439 1011 578 1049 pontifex
604 1009 704 1039 sedet.
726 1009 914 1038 cardinales
939 1013 1046 1037 autem
1074 1008 1131 1046 qui

167 1069 395 1096 remanserunt
422 1073 453 1092 tn
480 1063 593 1099 choro,
620 1067 734 1092 exeunt
761 1072 814 1100 pet·
840 1062 1034 1100 posterulam
1066 1064 1133 1099 post

162 1117 320 1152 absidam,
339 1123 367 1146 et
386 1117 510 1146 intrant
534 1126 587 1155 per
606 1117 759 1154 porticum
786 1116 886 1144 sancti
910 1115 1084 1148 Jolianuis,
1104 1119 1134 1143 et

165 1171 302 1200 veniunt
317 1170 355 1199 ad
378 1170 569 1208 presentiam
591 1170 700 1198 domni
723 1178 812 1207 pape.
837 1168 931 1198 Prior
950 1173 1057 1197 antem
1081 1168 1132 1196 in-

161 1223 235 1253 duit
251 1232 283 1252 se
299 1227 328 1252 et
342 1223 418 1252 dicit
437 1232 442 1251 ε
460 1223 531 1252 ,Ιιιὶιε
548 1223 655 1251 domne
672 1223 850 1251 benedicere.
870 1221 1015 1250 Pontifex
1036 1221 1133 1250 hene-

163 1276 241 1306 dicit
259 1285 345 1305 eum.
366 1275 580 1312 tang-rediens
592 1284 703 1313 parum
723 1275 796 1303 facit
811 1274 972 1309 similiter,
992 1278 1020 1302 et
1039 1274 1133 1302 bene-

164 1328 241 1358 dicit
262 1328 353 1358 tertia
374 1329 441 1357 vice
464 1328 623 1363 similiter,
648 1331 676 1356 et
698 1327 861 1356 benedicit
885 1336 956 1356 eum
982 1326 1133 1364 pontifex,

163 1386 194 1411 et
209 1381 288 1410 dicit
306 1394 311 1410 z
331 1383 372 1411 ne
389 1383 537 1418 baptizate
554 1390 654 1410 omnes
670 1386 780 1418 yentes.
796 1379 984 1410 Cat-diuales
1002 1388 1074 1409 vero
1091 1379 1136 1408 ita

164 1434 272 1463 induti
307 1443 381 1463 cum
409 1434 571 1472 equitibus
603 1437 808 1463 revertuntur
838 1433 877 1462 ad
912 1432 1018 1461 titulos
1049 1440 1134 1461 suOS.

164 1487 256 1516 Tunc
283 1487 423 1525 pontifex
455 1487 575 1524 surgit,
607 1491 637 1515 et
665 1487 749 1515 vadit
774 1486 813 1514 ad
839 1485 1006 1515 ecclesiam
1036 1486 1136 1515 sancti

162 1540 327 1570 «Iohannis
352 1540 572 1577 evangvtiste.
600 1544 629 1569 et
650 1539 891 1577 aliquantulum
918 1538 1056 1576 quiescit
1079 1538 1133 1567 ibi.

166 1593 291 1622 Deinde
310 1593 450 1631 procedit
465 1593 503 1622 ad
522 1594 635 1628 fontes,
655 1598 685 1622 et
701 1592 862 1621 benedicit
877 1601 940 1621 eos
958 1592 1025 1621 Hoc
1044 1591 1135 1626 facto,

166 1647 340 1676 revertitur
355 1647 392 1675 ad
409 1647 544 1676 eandem
565 1646 743 1680 ecclesiam,
762 1646 870 1684 ibique
887 1646 975 1675 exuit
989 1656 1021 1675 se
1037 1645 1138 1684 palleo

165 1705 197 1730 et
214 1700 356 1737 planeta,
375 1704 404 1728 et
425 1699 535 1728 induit
556 1699 694 1728 bracalia
713 1704 835 1734 cerata;
860 1703 889 1727 et
911 1699 1081 1727 revertitur
1098 1697 1138 1727 ad

166 1753 283 1788 sontes,
302 1757 331 1782 et
348 1753 483 1790 baptizat
502 1756 563 1781 tres
579 1751 744 1790 parvutos3
760 1756 789 1781 et
802 1752 912 1788 junior
928 1751 1137 1780 diaconorum

166 1806 302 1844 baptizat
323 1810 443 1835 ceteros
466 1815 537 1834 cum
558 1805 724 1834 canonicis
744 1805 1027 1834 Lateranensibus.
1049 1804 1140 1833 Post-

166 1859 299 1888 modum
331 1858 470 1897 pontifex
498 1859 537 1887 ad
567 1858 671 1887 locum
701 1858 876 1887 crismandi
902 1858 1082 1893 revertitur,
1110 1862 1140 1887 et

164 1912 300 1941 crismat
316 1915 377 1940 tres
392 1911 546 1940 infantes.
563 1911 616 1940 Sic
632 1911 740 1949 itaque
756 1910 873 1940 ablutis
888 1911 1052 1946 manibus,
1066 1919 1139 1939 cum

166 1964 287 1994 letania
302 1964 383 1994 sacta
400 1974 417 1994 a
433 1964 633 1993 subdiacono
647 1963 830 2001 regionario
846 1963 1026 2002 regreditur
1041 1963 1079 1992 ad
1096 1963 1141 1992 al-

166 2021 234 2047 tare
253 2021 326 2046 ante
344 2017 512 2047 ecclesiam
531 2019 551 2037 ¹⁷
576 2017 679 2046 sancti
701 2016 879 2052 Pancratii3
905 2016 1014 2054 ibique
1036 2016 1139 2045 modi-

167 2079 242 2100 cum
260 2070 412 2108 quiescit,
429 2075 459 2098 et
475 2069 584 2099 induit
599 2069 772 2107 planetam.

210 2122 284 2162 [3t].
299 2123 433 2151 Interim
451 2131 525 2151 vero
537 2122 667 2151 diaconi
684 2121 864 2151 cardinales
876 2126 1038 2160 reportant
1049 2131 1139 2151 men-

168 2184 235 2204 sam
253 2175 374 2211 altaris,
389 2179 539 2213 etaptant
555 2183 624 2204 eam
643 2183 739 2213 super
753 2175 823 2212 ipso
836 2174 942 2209 altari,
960 2175 1042 2204 sicut
1056 2175 1141 2213 prius

167 2229 285 2258 fuerat.
306 2229 452 2258 Pontifex
469 2233 577 2257 autem
595 2237 668 2257 cum
687 2229 889 2266 processione
905 2232 935 2257 et
951 2228 1070 2257 letania
1086 2237 1140 2257 va-

169 2281 218 2310 dit
233 2281 271 2310 ad
289 2281 406 2316 altare,
426 2286 456 2310 et
476 2281 614 2310 celebrat
636 2281 780 2310 missam.
803 2281 977 2311 Sciendum
1000 2281 1084 2319 quod
1107 2281 1141 2310 in

169 2334 268 2363 missa
295 2337 415 2370 septem
447 2333 549 2362 facule
572 2342 645 2363 cum
673 2338 792 2372 septem
821 2333 1023 2363 candelabris
1047 2338 1140 2370 sunt;

170 2386 225 2416 sed
243 2395 306 2415 non
327 2386 407 2415 dicit
424 2386 517 2415 Credo
544 2388 576 2415 in
597 2395 692 2415 unum
717 2387 808 2415 Deum
822 2411 828 2422 ,
851 2395 909 2416 nec
931 2386 1141 2421 offerendam,

170 2448 230 2468 nec
246 2440 350 2476 Agnus
367 2439 427 2474 Dei,
447 2448 552 2477 neque
566 2439 842 2469 communionem.
861 2439 959 2468 Porro
976 2443 1044 2478 post
1060 2439 1142 2477 epis-

171 2491 268 2521 tolam
286 2492 353 2529 ipse
371 2492 510 2530 pontifex
534 2492 666 2521 nunciat
682 2492 827 2529 Alleluja.
846 2492 1142 2521 Primiceriuscum

171 2544 258 2574 scola
274 2549 379 2573 cantat
396 2553 464 2573 eam
483 2544 515 2573 in
538 2545 669 2583 pulpito.
690 2545 739 2574 Ad
759 2544 967 2582 evangelium
987 2554 1060 2574 vcro
1080 2553 1143 2574 non

171 2597 296 2626 vadunt
323 2596 427 2626 facule
453 2605 599 2626 accense.
628 2597 677 2626 Ad
699 2606 867 2635 vesperum
895 2602 1001 2626 autem
1027 2597 1144 2627 dicitur

172 2651 322 2687 Allelnja,
356 2649 514 2688 psalmum
547 2650 678 2679 Laudato
703 2651 867 2679 Dominum
895 2659 998 2679 omncs
1022 2656 1142 2687 (lentes.

172 2702 353 2740 antiphona
377 2703 492 2739 Vespere
511 2708 611 2731 alitent
632 2704 761 2738 sabbati,
788 2703 905 2739 oratio,
929 2703 971 2732 [te
994 2704 1086 2731 inissa
1104 2708 1144 2732 est

174 2760 205 2785 et
221 2754 415 2784 benedictio.

184 2861 284 2901 [XV]
303 2860 382 2897 Quid
401 2862 531 2890 domans
552 2871 629 2900 papa
646 2863 744 2898 facere
762 2863 860 2890 debeat
881 2863 913 2890 ιή
933 2862 980 2890 (lic
997 2862 1095 2890 Pasce.

216 2966 290 3006 [32]
310 2967 348 2996 In
363 2966 415 2996 die
434 2967 543 3003 Pasce,
562 2976 654 2997 mane
672 2972 739 3006 post
756 2967 904 3005 primam,
922 2966 1056 2996 indutus
1072 2966 1144 2995 albo

278 3032 364 3060 lanza
384 3032 524 3060 Cexsccii.
549 3047 583 3052 —
603 3033 625 3059 Ι.

1248 372 1381 411 pluviali
1396 373 1561 401 ltomanus
1580 371 1730 409 pontifex,
1744 380 1816 399 cum
1834 370 1979 400 diaconis
1995 369 2214 400 cardinalibus

1247 425 1380 459 indutis,
1401 434 1472 454 cum
1493 424 1699 453 subdiaconis
1723 425 1902 461 ceterisque
1923 423 2104 453 minoribus
2127 422 2215 451 ordi-

1247 477 1360 513 nibus,
1379 477 1557 506 dalmaticis
1581 481 1611 505 et
1634 476 1739 504 mitris
1761 481 1791 504 et
1815 476 1931 505 tunicis
1957 475 2094 510 indutis,
2115 480 2143 503 et
2161 483 2214 503 ca-

1249 529 1385 568 pellanis
1416 529 1502 564 suis,
1536 529 1622 558 vadit
1648 529 1685 557 ad
1715 528 1876 557 basilicam
1904 528 2004 557 sancti
2037 526 2214 557 Laurentii.

1250 581 1433 620 Presbyteri
1463 581 1642 610 cardinales
1668 580 1809 609 induunt
1833 590 1866 609 se
1899 580 2049 618 planetis,
2078 579 2216 617 episcopi

1249 634 1403 673 pluvialia
1417 634 1449 663 in
1466 633 1545 669 loco,
1559 633 1614 672 qui
1629 633 1746 662 dicitur
1762 633 1892 662 basilica
1904 635 1926 653 ¹⁸
1940 633 2040 661 sancti
2055 632 2214 669 Gregorii,

1252 687 1304 716 ubi
1325 690 1391 725 post
1407 687 1583 716 orationem
1602 686 1750 714 induitur
1772 694 1871 723 usque
1889 686 1926 714 ad
1944 685 2167 719 dalinaticatn;
2187 689 2218 713 et

1252 749 1409 777 exurgens
1419 739 1598 775 ingreditur
1607 738 1875 777 [mffladorandum
1887 738 2095 767 Salvatorein.
2108 736 2218 774 Aperit

1252 793 1453 831 ymaginem,
1468 791 1631 820 osculatur
1643 791 1735 828 pedes
1749 790 1933 824 Salvator-is,
1947 791 2055 819 dicens
2067 790 2129 817 alta
2144 797 2216 818 voce

1254 845 1357 874 tribus
1375 844 1501 873 vicibus
1518 853 1524 872 :
1539 844 1677 872 Suri-rsit
1699 844 1844 871 Dominus
1860 844 1894 870 (le
1909 843 2085 879 sepnlchrog
2103 846 2132 869 et
2148 849 2217 870 otn-

1253 908 1310 927 ues
1326 898 1353 927 ei
1375 897 1567 936 respondent
1584 907 1590 925 z
1609 896 1667 932 Qui
1682 906 1737 934 pro
1756 898 1839 924 nobis
1854 897 1992 932 pependit
2011 897 2040 923 in
2060 896 2153 931 liyno,
2172 896 2218 922 al-

1254 952 1358 988 leluja.
1377 951 1467 979 Tunc
1483 949 1586 978 acoliti
1605 953 1861 987 ponuntcrucetn
1878 948 1996 984 capelle
2010 957 2105 984 sup-fr
2120 947 2219 976 altare

1254 1009 1283 1033 et
1298 1004 1437 1033 doninus
1462 1012 1539 1041 papa
1563 1002 1672 1030 adorat
1692 1010 1760 1030 eam
1779 1005 1843 1038 post
1860 1000 2091 1029 osculationem
2110 999 2219 1028 salx-a-

1255 1057 1348 1092 mris,
1368 1065 1439 1085 Clltn
1457 1055 1609 1085 omnibus
1626 1054 1706 1082 aliis.
1734 1054 1854 1082 Deinde
1873 1054 1972 1082 redita
1991 1054 2027 1081 ad
2051 1053 2172 1088 sedem,
2192 1058 2222 1081 et

1254 1110 1308 1138 dat
1321 1117 1427 1147 paceni
1447 1108 1674 1137 archidiacono
1689 1106 1884 1135 redeuntiab
1896 1106 2005 1135 osculo
2025 1106 2138 1143 pedum
2151 1107 2222 1143 ejus

1254 1162 1435 1201 ymaginis,
1456 1161 1565 1190 dicens
1582 1169 1588 1188 :
1607 1160 1747 1188 Suri-<urit
1767 1160 1912 1187 [anninus
1936 1168 2019 1193 verm
2041 1164 2069 1186 rt
2086 1158 2139 1186 ille
2156 1166 2221 1186 res-

1257 1216 1373 1254 pondet
1384 1225 1389 1244 :
1400 1216 1434 1244 Et
1445 1216 1591 1251 (ιμρανιιίι
1603 1214 1733 1241 Simoni.
1748 1212 1915 1241 Secundus
1927 1220 2054 1249 quoque
2066 1211 2223 1239 diaconus

1256 1267 1406 1298 osculatis
1422 1267 1555 1305 pedibus
1573 1265 1760 1300 Salvatoris,
1778 1264 1899 1293 aceedit
1915 1264 1953 1292 ad
1973 1273 2079 1301 pacem
2105 1263 2224 1291 summi

1257 1320 1418 1360 pontificis
1442 1324 1471 1348 et
1495 1318 1732 1352 archidiaconi,
1759 1321 1787 1345 et
1810 1316 1899 1354 ponit
1922 1326 1953 1344 se
1974 1316 2005 1343 in
2032 1315 2102 1350 [1103
2128 1315 2224 1343 ceteri

1257 1383 1331 1404 vero
1347 1374 1472 1403 diaconi
1490 1372 1668 1401 cardinales
1691 1370 1843 1399 similiter
1864 1369 1994 1397 faciunt.
2018 1368 2140 1397 Deinde
2160 1368 2223 1405 pri-

1258 1427 1409 1457 micerius
1430 1434 1504 1455 cum
1521 1424 1707 1454 cantoribus
1724 1431 1759 1452 eo
1781 1422 1874 1451 modo
1893 1422 1931 1450 ad
1953 1430 2060 1459 paceni
2081 1421 2176 1456 radit,
2197 1425 2228 1449 et

1258 1479 1291 1508 in
1304 1479 1357 1508 fito
1367 1488 1398 1507 se
1408 1477 1530 1514 dii-igit.
1542 1476 1632 1504 Prior
1640 1484 1765 1513 quoque
1777 1474 1905 1502 basilice
1916 1481 1986 1501 cum
1998 1471 2226 1510 [summac-onis

1259 1532 1428 1567 similiter,
1449 1529 1653 1568 postmodum
1670 1527 1858 1556 subdiaconi
1876 1527 2047 1563 regionarii
2067 1535 2138 1554 cuin
2155 1534 2226 1554 aco-

1258 1584 1325 1614 litis
1348 1588 1377 1613 et
1393 1583 1587 1622 cappellanis
1608 1586 1637 1610 et
1661 1581 1733 1609 aliis
1754 1580 1902 1618 palatinis
1923 1579 2093 1608 ordinibus
2116 1578 2227 1607 eodeni

1239 1669 1243 1672 ,
1260 1638 1354 1667 modo
1370 1646 1478 1676 pacem
1496 1635 1629 1664 faciunt.
1655 1634 1790 1662 Interim
1808 1636 1915 1661 autem
1938 1632 2021 1660 scola
2045 1631 2133 1660 canit
2150 1631 2227 1659 Cru-

1260 1693 1388 1730 cistmnm
1407 1691 1439 1718 in
1455 1697 1547 1718 carne
1563 1693 1593 1716 et
1608 1688 1668 1724 Eyo
1684 1696 1749 1714 suni
1766 1687 1857 1723 ιιΙμΙια
1875 1691 1899 1713 et
1915 1697 1947 1713 ω.

1302 1743 1375 1784 [33].
1394 1741 1558 1780 Coutpleta
1570 1749 1644 1779 pace
1657 1739 1796 1778 pontifex
1815 1738 1920 1766 induit
1937 1738 2094 1775 planetam
2109 1737 2226 1772 albam,

1262 1798 1400 1836 palleum
1416 1800 1445 1825 et
1462 1796 1590 1824 mitram
1607 1794 1830 1830 sollempnem,
1844 1791 2106 1827 descendensque
2124 1789 2161 1818 de
2179 1798 2228 1826 pa·

1261 1851 1337 1879 latio
1357 1858 1457 1887 usque
1475 1848 1512 1876 ad
1530 1847 1650 1876 exitum
1669 1844 1845 1883 porticelli,
1864 1844 1915 1872 ulii
1935 1843 2027 1871 albus
2050 1842 2229 1880 ,satan-edus

1261 1912 1334 1933 cuin
1355 1910 1452 1931 nacco
1469 1899 1609 1929 scat-latti
1627 1898 1824 1936 superposito
1841 1902 1870 1926 et
1885 1902 2036 1933 argenteo
2057 1897 2146 1923 freno
2164 1894 2228 1923 sol-

1262 1955 1435 1994 lempniter
1452 1957 1639 1992 preparatus
1659 1956 1704 1980 est
1723 1960 1740 1978 a
1760 1950 1912 1987 magistro
1932 1948 2123 1977 marescalco
2145 1953 2174 1975 et
2192 1948 2231 1975 ab

1263 2007 1528 2042 adextratoribus,
1543 2005 1719 2043 imponitur
1733 2003 1761 2032 ei
1781 2011 1918 2040 regnum
1935 2002 1974 2030 ab
1991 2001 2229 2035 archidiacono,

1264 2066 1293 2092 et
1309 2062 1353 2091 ita
1369 2065 1540 2091 coronatus
1555 2057 1753 2096 palafredum
1771 2055 1925 2090 ascendit,
1945 2060 1974 2083 et
1991 2053 2165 2092 equitando
2181 2053 2232 2081 in-

1264 2115 1358 2151 cedit,
1377 2112 1623 2152 precedentibus
1642 2111 1674 2139 in
1693 2109 1805 2139 ordine
1823 2116 1880 2137 suo
1896 2107 2109 2141 bandulariis,
2127 2106 2234 2135 archi-

1265 2167 1439 2207 episcopis,
1457 2165 1629 2204 episcopis,
1646 2162 1864 2192 cardinalibus
1880 2161 2092 2199 presbyteris,
2109 2159 2233 2188 abbati-

1263 2221 1340 2256 bus,
1363 2218 1568 2249 subdiaconis
1593 2222 1623 2246 et
1642 2216 1785 2245 diaconis
1811 2213 2051 2247 cardinalibus,
2075 2217 2105 2241 et
2127 2212 2234 2240 subse-

1265 2273 1440 2313 quentibus
1470 2271 1604 2310 prefecto
1634 2269 1772 2306 aliisque
1803 2267 1968 2297 nobilibus
1994 2266 2233 2298 Romanorum,

1266 2336 1367 2366 usque
1379 2326 1419 2355 ad
1435 2329 1577 2354 sanctam
1593 2323 1727 2352 Mariam
1741 2321 1906 2359 maj0retn,
1925 2319 2007 2348 sicut
2026 2319 2120 2346 etiam
2140 2325 2233 2354 supe—

1265 2381 1333 2410 rius
1346 2380 1380 2408 in
1395 2379 1473 2407 festo
1487 2377 1590 2406 sancti
1605 2375 1758 2414 Stephani
1773 2383 1842 2402 enat
1853 2378 1952 2401 ratur.
1967 2373 2046 2400 (juni
2061 2374 2167 2398 autem
2181 2378 2236 2406 per

1267 2431 1469 2462 Merulanani
1497 2429 1676 2463 transieritg
1699 2426 1889 2456 scriniarius
1908 2425 1940 2453 iu
1965 2424 2031 2452 loco
2053 2421 2236 2459 antiquitus

1267 2486 1440 2516 constituto
1459 2483 1489 2513 ei
1507 2483 1622 2517 obviat,
1643 2487 1672 2510 et
1687 2480 1749 2509 alta
1769 2488 1842 2508 voce
1860 2478 1936 2506 dicit
1955 2487 1961 2506 :
1978 2477 2050 2505 Jnlm
2066 2476 2173 2503 domne
2189 2475 2236 2502 be-

1267 2540 1414 2569 nedicere,
1439 2536 1584 2566 Pontifex
1607 2534 1767 2563 benedicit
1785 2541 1857 2561 euni
1877 2535 1906 2559 et
1922 2529 2111 2558 scriniarius
2131 2527 2208 2555 dicit
2229 2539 2234 2554 :

1267 2594 1302 2621 In
1326 2592 1447 2620 ecclesia
1475 2592 1555 2618 [iente
1580 2589 1672 2617 ,llario¹
1700 2588 1731 2614 in
1756 2586 1812 2613 Ιιιισ
1838 2590 1918 2613 nocte
1939 2582 2086 2619 baptizati
2105 2586 2174 2607 sunt
2198 2584 2238 2607 tot

1266 2646 1355 2683 pueri
1382 2644 1509 2671 masculi
1529 2648 1554 2670 et
1576 2646 1616 2669 cot
1638 2641 1761 2674 fennnu.
1791 2636 1937 2666 Pontifex
1962 2632 2154 2671 respondet:
2184 2632 2237 2659 Deo

1266 2699 1395 2736 yrolfus.
1415 2697 1506 2724 'l'uuc
1520 2698 1627 2723 autem
1650 2691 1839 2721 scriniarius
1863 2687 1997 2724 suscipit
2019 2696 2035 2714 a
2059 2683 2236 2713 camerario

1266 2759 1323 2789 pro
1346 2748 1550 2778 nuntiatione
1572 2754 1673 2775 unum
1695 2743 1946 2772 marabotinum.
1969 2739 2128 2768 Similiter
2146 2738 2180 2765 fit
2197 2736 2237 2764 ad

1268 2808 1415 2833 sanctum
1433 2802 1563 2830 Petrum
1580 2800 1613 2827 in
1631 2797 1770 2827 secunda
1789 2795 1878 2824 feria.
1899 2793 2111 2822 perveniente
2127 2794 2238 2818 autem

1260 2969 1286 2997 a)
1303 2970 1367 2991 coit.
1385 2965 1483 2989 reddit.
