2434 3530
112 924 135 943 it]

113 1187 136 1205 15

113 1448 138 1467 20

118 1976 142 1993 30

122 2501 146 2519 41)

162 377 219 408 372
707 370 757 399 LE
781 369 925 398 LIBER
948 366 1182 397 CENSUUM
1206 366 1260 395 DE
1284 357 1470 396 L’EGLISE
1494 367 1704 397 ROMAINE.

204 443 295 477 siam,
319 445 348 469 et
370 438 448 468 alibi
471 437 631 466 civitatem
655 436 838 465 Terannem
861 442 933 463 cum
960 431 1166 471 pertinentiis

204 494 281 523 suis.
300 493 362 521 Has
381 499 491 520 omnes
510 488 708 526 supradictas
728 486 914 525 provintias,
932 485 1026 515 urbes
1040 489 1067 514 et
1085 484 1166 513 civi-

205 551 292 581 tates,
311 544 422 581 oppida
434 547 528 580 atque
539 539 677 574 castella,
694 539 814 569 viculos
828 548 863 568 ac
880 538 1040 568 territoria
1055 535 1167 566 simul-

204 607 264 636 que
302 595 492 634 patrimonia
526 601 581 631 pro
623 596 704 621 statu
736 591 830 629 regui
859 591 959 620 nostri
991 593 1168 627 cunctoque

205 649 318 689 populo
342 647 592 677 christianorum
619 644 838 674 conservando
862 642 1013 681 jamdicte
1037 640 1169 670 ecclesie

207 708 273 736 tue,
298 702 387 730 beate
406 700 514 733 Petre,
533 696 745 735 vicario[que]
773 700 825 725 tuo
848 695 1022 724 Benedicto
1042 702 1078 723 ac
1097 701 1168 722 suc-

205 753 382 784 cessoribus
399 753 467 789 ejus
486 750 633 789 usquein
656 750 755 778 finem
771 748 871 778 seculi
888 756 924 777 eo
941 747 1034 777 modo
1051 746 1168 776 confir-

206 816 343 839 mamus,
371 810 402 834 ut
428 805 460 833 in
489 812 545 833 500
569 803 735 832 detineant
758 802 841 839 jure,
867 800 1046 838 principatu
1075 802 1170 836 atque

205 861 335 889 ditione.
354 857 463 887 Simili
480 856 573 886 modo
590 865 645 894 per
660 855 718 884 hoc
737 858 844 884 nostre
865 852 1075 890 delegationis
1098 859 1170 889 pac-

209 918 273 941 tum
301 911 530 941 confirmamus
551 908 750 943 donationes,
773 915 852 945 quas
873 905 923 944 pie
942 903 1171 934 recordationis

208 965 344 1004 Pipinus
365 973 430 997 rex,
450 967 480 991 et
501 966 608 1001 postea
630 961 758 990 donnus
780 958 920 989 Karolus
941 956 1170 987 excellentissi-

207 1027 279 1047 mus
306 1017 487 1054 imperator,
518 1023 554 1044 ac
579 1014 729 1051 deinceps
755 1012 886 1042 Ottones
912 1010 1047 1049 piissimi
1080 1010 1170 1039 beato

207 1071 300 1099 Petro
321 1068 439 1098 Christi
464 1066 604 1105 apostolo
632 1069 809 1104 spontanea
839 1064 1003 1094 voluntate
1025 1061 1170 1092 contule-

207 1126 291 1158 runt,
316 1129 440 1150 necnon
461 1126 491 1148 et
515 1127 647 1148 censum
668 1108 721 1146 'vel
746 1117 944 1155 pensionem,
970 1124 1024 1145 seu
1053 1118 1173 1144 ceteras

206 1174 393 1205 donationes
410 1182 471 1210 que
486 1170 656 1201 annuatim
674 1171 706 1199 in
723 1169 874 1208 palatium
893 1168 975 1206 regis
992 1166 1173 1204 Longobar·

207 1228 321 1257 dorum
340 1225 454 1255 inferri
469 1224 624 1258 solebant,
642 1223 710 1252 sive
726 1222 765 1252 de
781 1221 908 1257 Tuscia,
923 1221 990 1250 sive
1006 1220 1044 1249 de
1057 1219 1172 1248 ducatu

208 1279 383 1318 Spoletiuo,
402 1278 483 1307 sicut
499 1277 531 1306 in
547 1275 771 1314 suprascriptis
790 1273 1015 1304 donationibus
1034 1271 1174 1302 contine-

198 1337 258 1363 tur
276 1337 305 1361 et
322 1333 405 1361 inter
420 1335 528 1360 sancte
545 1328 701 1358 memorie
718 1327 899 1357 Adrianum
913 1334 1026 1364 papam
1044 1330 1074 1354 et
1092 1325 1172 1354 don-

209 1394 287 1415 num
310 1383 467 1413 Karolum
494 1382 723 1420 Imperatorem
749 1379 912 1415 convenit,
936 1377 1064 1417 quando
1088 1377 1173 1406 idem

208 1437 349 1476 pontifex
363 1436 468 1465 eidem
480 1435 518 1464 de
535 1433 725 1473 supradictis
736 1432 914 1467 ducatibus,
927 1431 958 1460 id
971 1435 1016 1460 est
1028 1431 1175 1459 Tuscano

209 1495 238 1520 et
263 1489 444 1527 Spoletano,
470 1495 525 1516 sue
549 1486 727 1515 autoritatis
753 1489 934 1523 preceptum
959 1481 1172 1518 confirmavit,

209 1551 244 1572 eo
260 1541 384 1571 scilicet
400 1541 493 1570 modo
511 1544 543 1568 ut
559 1539 656 1568 annis
673 1537 810 1575 singulis
828 1537 990 1575 predictus
1005 1544 1120 1565 census
1135 1535 1174 1564 ad

210 1600 329 1634 partem
356 1593 487 1623 ecclesie
509 1592 609 1621 sancti
629 1591 713 1620 Petri
740 1588 948 1629 persolvatur,
973 1588 1060 1618 salva
1081 1596 1176 1626 super

209 1648 336 1678 eosdem
361 1646 494 1675 ducatus
518 1648 625 1674 nostra
651 1644 683 1672 in
713 1642 864 1672 omnibus
896 1640 1117 1670 dominatione
1146 1644 1176 1668 et

210 1701 338 1730 illorum
375 1699 412 1728 ad
448 1703 588 1727 nostram
620 1700 741 1735 part-em
769 1695 976 1734 subjectione.
1011 1694 1172 1730 Ceterum,

209 1754 291 1783 sicut
307 1752 458 1786 diximus,
477 1750 587 1780 omnia
602 1749 819 1788 suprascripta
835 1748 968 1778 nomina
985 1748 1027 1776 ita
1043 1747 1081 1776 ad
1104 1756 1174 1776 ves·

210 1810 289 1835 tram
320 1809 439 1844 partem
469 1813 522 1842 per
548 1803 607 1833 hoc
634 1807 740 1832 nostre
766 1801 1022 1832 confirmationis
1048 1804 1175 1838 pactum

208 1858 486 1889 corroboravimus
508 1861 542 1886 ut
558 1857 591 1885 in
609 1861 714 1886 vestro
732 1859 945 1895 permaneant
957 1855 1040 1893 jure,
1059 1854 1174 1892 princi—

210 1916 283 1950 patu
301 1916 396 1949 atque
415 1910 548 1946 ditione,
566 1914 596 1939 et
615 1918 720 1947 neque
733 1917 752 1938 a
771 1908 873 1945 uobis,
894 1916 998 1946 neque
1014 1916 1031 1936 a
1050 1915 1176 1936 500005-

210 1965 334 1995 soribus
358 1963 476 1993 nostris
502 1972 556 2000 per
578 1961 743 2000 quodlibet
765 1964 994 1998 argumentum
1020 1961 1086 1989 sive
1108 1968 1176 1988 ma-

210 2016 428 2045 chinationem
466 2016 497 2043 in
538 2022 743 2052 quacumque
780 2017 867 2051 parte
903 2016 1005 2042 vestra
1042 2016 1177 2050 potestas

212 2068 424 2097 imminuatur
440 2071 493 2096 ant
510 2076 526 2095 a
542 2067 629 2096 vobis
647 2065 722 2095 inde
744 2065 868 2103 aliquid
893 2065 1108 2094 subtrahatur.
1130 2065 1178 2094 De

212 2121 403 2159 supradictis
423 2130 497 2149 vexo
517 2119 697 2157 provintiis,
713 2118 858 2153 urbibus,
876 2118 1072 2153 civitatibus,
1087 2118 1177 2156 oppi-

211 2172 270 2207 dis,
292 2172 414 2207 castris,
432 2170 558 2204 viculis,
580 2169 747 2199 territoriis
769 2177 804 2198 ac
826 2168 1026 2207 patrimoniis
1053 2177 1176 2198 necnon

213 2229 243 2254 et
262 2224 471 2263 pensionibus
492 2227 586 2261 atque
607 2222 769 2257 censibus,
789 2222 831 2250 ita
853 2226 885 2250 ut
906 2230 963 2250 nec
985 2230 1040 2251 nos
1062 2221 1177 2250 facturi

213 2278 324 2312 simus,
344 2285 448 2314 neque
464 2285 480 2304 a
501 2274 699 2313 quibuslibet
715 2283 751 2304 ea
773 2274 875 2303 facere
899 2273 1079 2303 volentibus
1101 2282 1177 2303 con-

213 2329 402 2364 sentiamus,
427 2328 481 2357 sed
501 2328 605 2366 potius
624 2327 735 2357 omnia
759 2336 820 2365 que
841 2327 991 2364 superius
1014 2326 1175 2364 leguntur,

214 2382 245 2411 id
263 2386 309 2411 est
325 2381 495 2420 provintie,
513 2380 668 2416 civitates,
690 2379 796 2416 urbes,
814 2379 953 2415 castella,
972 2379 1097 2417 oppida,
1116 2383 1178 2408 ter-

213 2444 276 2470 ras,
291 2434 494 2473 patrimonia,
513 2438 607 2471 atque
623 2432 742 2469 insule,
763 2441 941 2470 censusque
960 2437 989 2462 et
1009 2433 1179 2470 pensiones

214 2488 253 2516 ad
264 2492 384 2525 partem
401 2486 532 2516 ecclesie
546 2486 628 2515 beati
641 2485 728 2515 Petri
740 2484 872 2523 apostoli
885 2488 979 2523 atque
990 2485 1179 2523 pontificum

216 2541 248 2569 iu
267 2539 482 2569 sacratissima
498 2538 571 2568 sede
587 2537 676 2567 illius
692 2537 915 2573 residentium,
939 2546 996 2567 nos
1019 2538 1052 2567 in
1077 2547 1180 2576 quan-

216 2596 284 2622 tum
311 2600 491 2630 possumus,
514 2591 697 2621 defensores
723 2600 791 2620 esse
811 2595 968 2621 tenemur.
992 2591 1042 2620 Ad
1064 2592 1123 2621 hoc
1148 2596 1181 2621 ut

217 2654 285 2674 eam
309 2645 373 2674 illis
396 2645 549 2674 ditionem
578 2644 617 2673 ad
640 2643 797 2673 utendum
823 2648 918 2682 atque
942 2644 1179 2683 disponendum

209 2846 224 2865 5
241 2842 388 2865 christiano
405 2842 428 2865 A
443 2855 471 2858 —
487 2847 500 2866 6
516 2848 569 2872 que
584 2849 639 2865 om.
657 2841 678 2865 C
699 2854 727 2858 —
749 2847 766 2866 11
786 2841 902 2866 Carolus
918 2843 940 2865 A
960 2855 990 2859 -—-
1012 2847 1036 2867 12
1053 2842 1180 2873 Ottones]

181 2885 298 2908 ditiones
313 2886 335 2908 A
348 2899 376 2902 —
395 2890 418 2910 13
431 2886 485 2909 vol.
500 2887 590 2915 spont.
605 2886 627 2908 A
641 2898 670 2902 -
688 2891 712 2910 15
728 2886 869 2909 annuatim
884 2893 940 2909 om.
958 2887 978 2909 A
996 2899 1024 2903 —
1043 2892 1066 2912 17
1084 2887 1182 2917 Spole-

181 2933 245 2952 tano
266 2942 294 2945 —
315 2934 338 2953 21
356 2931 460 2951 auctor.
478 2929 499 2952 Α
520 2941 550 2946 -
569 2934 598 2953 23
614 2931 717 2959 patrem
735 2930 757 2952 Α
773 2943 802 2946 -
822 2934 851 2954 26
867 2929 953 2960 supr.]
971 2931 1098 2960 superius
1116 2932 1137 2955 A
1153 2945 1182 2949 —-

181 2977 210 2998 31.
223 2976 303 3002 atqne
318 2973 339 2995 A
354 2985 382 2988 —
396 2977 424 2997 35
440 2978 530 3002 nequo
543 2973 565 2996 Α
578 2985 608 2990 -
621 2978 650 2997 38
664 2976 731 2997 cast.
746 2980 809 3003 opp.
825 2974 846 2996 A
861 2987 888 2990 —
902 2979 931 2999 39
947 2975 1143 3004 patrimonium
1160 2978 1182 3001 Α

181 3028 212 3034 -
226 3020 249 3040 ut
267 3016 320 3038 illic
338 3016 359 3038 Α
375 3028 403 3033 -
417 3020 447 3040 102
461 3018 594 3040 tentamur
610 3017 632 3040 Α

1290 432 1427 462 firmiter
1452 432 1577 462 valeant
1603 433 1742 471 optineri
1768 433 1855 463 salva
1877 435 1909 463 in
1932 433 2082 463 omnibus
2103 437 2254 471 potestate

1290 490 1397 514 nostra
1417 490 1683 524 posterorumque
1701 490 1894 523 nostrorum,
1913 485 2089 516 secundum
2106 485 2192 524 quod
2217 485 2252 514 iu

1290 542 1379 576 pacto
1395 542 1423 567 et
1439 538 1669 568 constitutione
1685 548 1721 568 ac
1737 538 1961 576 promissionis
1981 538 2132 568 firmitate
2151 538 2254 575 Euge-

1291 591 1337 619 nii
1370 591 1527 629 pontificis
1563 600 1850 630 successorumque
1882 591 1970 621 illius
1997 591 2190 627 continetur,
2221 595 2256 621 ut

1291 644 1397 674 omnis
1427 643 1531 674 clerus
1563 648 1592 674 et
1623 645 1765 674 universi
1798 645 1906 683 populi
1935 645 2074 675 Romani
2104 644 2256 674 nobilitas

1291 701 1418 735 propter
1434 697 1575 727 diversas
1594 697 1799 727 necessitates
1819 703 1848 727 et
1873 698 2062 736 pontificum
2084 697 2256 727 irrationa-

1291 748 1373 778 biles
1389 758 1463 786 erga
1487 750 1637 788 populum
1658 750 1719 779 sibi
1742 750 1920 779 subiectum
1938 750 2122 788 asperitates
2144 754 2256 779 retun-

1292 800 1412 830 dendas
1435 806 1635 832 sacramento
1653 811 1686 832 se
1702 802 1833 840 obliget,
1851 803 2002 841 quatinus
2023 802 2129 832 futura
2151 803 2257 841 ponti-

1292 853 1389 883 ficum
1424 853 1554 891 electio,
1589 859 1746 894 quantum
1784 856 2039 894 uniuscujusque
2074 854 2258 885 intellectus

1293 906 1400 943 fuerit,
1427 908 1579 938 canonice
1603 913 1632 937 et
1651 909 1734 947 juste
1759 909 1825 945 fiat,
1847 912 1877 938 et
1904 911 1936 938 ut
1961 907 2028 945 ille,
2056 908 2111 947 qui
2134 908 2173 938 ad
2199 908 2259 939 hoc

1294 964 1439 989 sanctum
1458 960 1602 998 regimen
1620 961 1766 999 eligetur,
1788 961 1919 991 nemine
1939 961 2159 991 consentiente
2180 969 2256 991 con-

1294 1016 1435 1042 secratus
1456 1013 1511 1042 fiat
1533 1014 1672 1052 pontifex
1699 1013 1890 1053 priusquam
1923 1013 2017 1043 talem
2040 1014 2073 1043 10
2097 1013 2258 1052 presentia

1294 1065 1467 1095 missorum
1485 1070 1666 1096 nostrorum
1683 1075 1738 1096 seu
1756 1066 1907 1096 universe
1924 1065 2142 1104 generalitatis
2164 1065 2260 1095 saciat

1296 1118 1542 1155 promissionem
1557 1128 1612 1158 pro
1628 1120 1775 1148 omnium
1792 1119 2006 1148 satisfactione
2017 1127 2052 1148 ac
2063 1119 2171 1148 futura
2185 1126 2260 1148 000-

1297 1170 1488 1206 servatione,
1512 1171 1639 1210 qualem
1660 1172 1786 1201 donnus
1805 1176 1835 1201 et
1859 1171 2061 1201 venerandus
2085 1170 2262 1209 spiritualis

1298 1227 1386 1262 pater
1402 1227 1510 1253 noster
1526 1224 1588 1254 Leo
1612 1224 1723 1254 fecisse
1742 1223 1929 1254 dinoscitur.
1954 1224 2103 1253 Preterea
2122 1223 2184 1253 alia
2202 1223 2262 1253 mi-

1297 1285 1375 1306 nora
1395 1276 1471 1306 huic
1492 1277 1580 1315 operi
1603 1277 1814 1306 inserendum
1833 1276 2041 1315 previdimus,
2064 1275 2213 1306 videlicet
2229 1280 2264 1306 ut

1296 1329 1330 1358 in
1353 1329 1507 1359 electione
1528 1329 1715 1368 pontificum
1739 1338 1845 1367 neque
1864 1329 1945 1358 liber
1966 1338 2071 1368 neque
2091 1337 2202 1358 servus
2223 1329 2264 1358 ad

1298 1382 1357 1411 hoc
1381 1382 1490 1411 venire
1514 1386 1676 1421 presumat
1697 1387 1731 1411 ut
1751 1381 1818 1411 illis
1842 1382 1998 1411 Romanis
2021 1390 2101 1420 quos
2121 1381 2159 1411 ad
2181 1381 2264 1411 hanc

1298 1434 1486 1464 electionem
1508 1444 1561 1473 per
1577 1434 1838 1464 constitutionem
1856 1438 2040 1464 sanctorum
2060 1439 2184 1473 patrum
2205 1442 2263 1463 an-

1299 1487 1387 1525 tiqua
1406 1487 1536 1518 admisit
1558 1487 1767 1523 consuetudo,
1792 1487 1921 1526 aliquod
1938 1488 2031 1517 saciat
2047 1487 2263 1526 impedimen-

1298 1543 1376 1570 tum.
1393 1540 1482 1576 Quod
1505 1541 1531 1570 si
1550 1541 1623 1579 quis
1639 1545 1747 1571 contra
1765 1541 1849 1570 hanc
1867 1544 2009 1571 nostram
2026 1541 2264 1571 institutionem

1298 1593 1346 1622 ire
1372 1593 1612 1631 presumpserit,
1635 1593 1730 1623 exilio
1756 1593 1907 1623 tradatur.
1941 1594 2078 1632 Insuper
2105 1593 2200 1623 etiam
2230 1597 2266 1623 ut

1300 1645 1410 1675 001105
1431 1646 1603 1676 0115501001
1625 1650 1808 1676 nostrorum
1829 1647 2060 1685 cujuscumque
2081 1646 2264 1685 impeditio-

1299 1699 1350 1727 nis
1367 1703 1593 1736 argumentum
1611 1707 1802 1737 componere
1817 1699 1931 1729 audeat
1946 1698 1979 1728 iu
2004 1699 2158 1737 prefatam
2182 1698 2263 1729 elec-

1299 1751 1418 1781 tionem
1434 1751 1652 1789 prohibemus.
1670 1752 1756 1781 Nam
1773 1755 1801 1781 et
1819 1751 1878 1782 hoc
1893 1752 2080 1782 omnimodo
2096 1752 2264 1782 instituere

1299 1804 1418 1842 placuit
1441 1809 1475 1834 ut
1500 1805 1556 1843 qui
1583 1804 1682 1834 semel
1707 1805 1766 1834 sub
1795 1804 1925 1844 speciali
1948 1805 2134 1835 defensione
2153 1805 2266 1835 domni

1299 1857 1462 1895 apostolici
1478 1858 1544 1887 sive
1560 1863 1669 1887 nostra
1687 1858 1807 1888 ruerint
1823 1858 1971 1896 suscepti,
1991 1858 2160 1897 impetrata
2180 1858 2267 1895 juste

1300 1913 1434 1939 utantur
1455 1910 1653 1940 defensione.
1677 1910 1769 1946 Quod
1791 1911 1817 1940 si
1833 1911 1906 1949 quis
1926 1911 1959 1940 in
1981 1919 2177 1949 quemquam
2194 1910 2267 1940 illo-

1299 1971 1384 1999 rum,
1415 1963 1472 2001 qui
1503 1962 1562 1992 hoc
1596 1968 1842 2001 promeruerunt
1874 1962 1993 1993 violare
2023 1963 2265 2001 presumpserit,

1300 2015 1378 2044 sciat
1396 2024 1428 2044 se
1446 2015 1624 2052 periculum
1643 2015 1706 2044 vite
1723 2024 1779 2045 sue
1790 2024 1858 2045 esse
1875 2016 2057 2046 incursum.
2072 2015 2156 2044 Illud
2170 2016 2267 2045 etiam

1299 2068 1541 2104 confirmamus,
1560 2072 1591 2096 ut
1607 2068 1724 2097 domno
1741 2067 1914 2106 apostolico
1927 2068 2048 2106 justam
2066 2069 2099 2097 in
2117 2068 2267 2098 omnibus

1301 2125 1426 2150 servent
1441 2120 1671 2156 obedientiam,
1689 2129 1743 2150 seu
1763 2121 1901 2150 ducibus
1913 2124 1942 2150 et
1957 2120 2122 2159 jndicibus
2142 2121 2210 2151 suis
2227 2121 2267 2151 ad

1300 2173 1480 2202 faciendam
1495 2174 1664 2211 justitiam.
1686 2174 1768 2202 Huic
1781 2175 1868 2203 enim
1881 2173 2074 2203 institutioni
2090 2173 2148 2204 hoc
2162 2182 2267 2204 neces-

1300 2226 1384 2256 sario
1402 2226 1638 2255 adnectendum
1656 2235 1725 2256 esse
1748 2227 1969 2264 perspeximus
1989 2231 2023 2256 ut
2047 2227 2136 2256 missi
2157 2227 2268 2257 domni

1301 2278 1464 2316 apostolici
1487 2278 1541 2308 seu
1569 2279 1669 2309 nostri
1694 2287 1819 2317 semper
1843 2279 1907 2309 sint
1934 2279 2109 2316 constituti,
2132 2279 2187 2318 qui
2210 2288 2268 2309 an-

1302 2331 1426 2361 nuatim
1440 2331 1532 2361 nobis
1541 2331 1728 2360 renuntiare
1742 2330 1871 2361 valeant
1884 2331 2022 2370 qualiter
2035 2331 2156 2370 singuli
2173 2332 2269 2362 duces

1302 2392 1337 2413 ac
1349 2383 1473 2422 judices
1492 2383 1605 2422 populo
1619 2384 1784 2422 justiciam
1808 2384 1938 2420 faciant,
1959 2384 2044 2414 hauc
2067 2384 2269 2423 imperialem

1303 2436 1564 2466 constitutionem
1581 2437 1739 2474 quomodo
1750 2437 1931 2467 observent.
1943 2437 2007 2473 Qui
2023 2437 2115 2467 missi
2126 2437 2270 2467 decerni-

1304 2497 1376 2518 mus
1400 2492 1433 2517 ut
1448 2488 1591 2527 primum
1611 2493 1742 2518 cunctos
1758 2489 1923 2526 clamores,
1942 2490 1997 2528 qui
2023 2499 2078 2528 per
2101 2489 2270 2528 negligen-

1306 2542 1380 2570 tiam
1403 2541 1521 2571 ducum
1545 2541 1594 2571 vel
1610 2541 1758 2579 judicum
1778 2542 1900 2572 fuerint
1918 2543 2043 2572 inventi
2063 2542 2102 2571 ad
2123 2542 2269 2572 notitiam

1304 2593 1415 2623 domni
1431 2593 1594 2632 apostolici
1611 2593 1764 2628 deserant,
1786 2598 1814 2623 et
1831 2594 1897 2632 ipse
1917 2603 2017 2623 unum
2040 2603 2056 2624 e
2071 2594 2196 2624 duobus
2211 2594 2270 2625 eli—

1304 2651 1367 2684 gat,
1391 2650 1447 2676 aut
1472 2647 1577 2676 statim
1604 2656 1658 2685 per
1674 2647 1801 2677 eosdem
1829 2647 1942 2677 missos
1965 2646 2043 2676 fiant
2066 2646 2271 2677 necessitates

1305 2699 1483 2736 emendate,
1513 2704 1567 2729 aut
1594 2699 1691 2729 misso
1717 2704 1824 2730 nostro
1853 2699 1944 2729 nobis
1973 2700 2192 2737 renuntiante,
2217 2709 2273 2738 per

1305 2756 1429 2782 nostros
1453 2753 1583 2782 nuntios
1604 2761 1621 2781 a
1641 2752 1733 2782 nobis
1749 2752 1886 2782 directos
1905 2752 2128 2782 emendentur.
2149 2753 2216 2782 Hoc
2238 2755 2273 2782 ut

1299 2941 1322 2960 to
1337 2935 1375 2958 illi
1390 2936 1412 2959 A
1426 2949 1453 2953 -
1468 2942 1486 2960 11
1501 2939 1624 2960 sanctum
1636 2937 1885 2967 <apostolicum>
1897 2937 1919 2960 A
1930 2948 1960 2953 —
1974 2940 1998 2961 m
2010 2939 2091 2967 atque
2103 2937 2125 2959 A
2136 2950 2165 2953 —
2179 2942 2203 2961 15
2213 2936 2272 2967 spi-

1264 2979 1402 3003 ritualiter
1417 2980 1440 3003 A
1460 2992 1488 2997 —
1508 2985 1532 3004 31
1550 2987 1579 3003 50
1595 2987 1655 3004 0550
1671 2988 1696 3004 v.
1716 2987 1737 3003 5.
1759 2987 1814 3010 per.
1834 2980 2009 3003 incursurum
2030 2980 2053 3003 A
2075 2993 2102 2997 -
2122 2985 2150 3005 38
2168 2981 2271 3011 populo

1266 3029 1322 3047 om.
1341 3024 1363 3047 A
1379 3037 1408 3040 —
1422 3028 1452 3049 45
1467 3024 1591 3054 nuntios]
1609 3024 1707 3048 missos
1725 3024 1746 3047 A

2314 915 2338 935 to

2317 1179 2340 1198 15

2317 1444 2342 1464 2⁰

2319 1710 2344 1730 25

2322 1972 2347 1992 3⁰

2323 2238 2348 2258 35

2324 2502 2350 2521 40

2325 2767 2351 2786 ⁴⁵
