2434 3530
693 305 743 334 LE
766 304 911 333 LIBER
933 302 1166 333 CENSUUM
1192 302 1245 331 DE
1270 297 1455 332 L'EGLISE
1478 303 1687 333 ROMAINE.
2179 302 2239 333 423

144 839 271 869 CLXV.
295 856 332 860 —
355 839 613 869 Iusmumawruu
635 848 745 868 CASTRI
768 840 890 869 Αετυηι
911 848 969 869 eno
985 839 1037 869 CL
1053 847 1153 868 Lanls

186 901 292 922 DOMNO
316 901 392 921 PAPE
414 891 593 922 CELESTxxo
616 900 761 922 OBLIGATI
776 893 796 920 ¹.

224 998 260 1026 In
295 998 418 1026 nomine
451 998 582 1026 Domini.
620 999 707 1026 Anno
742 998 892 1026 dominice
925 998 1154 1026 ⁴incarnationis

184 1050 380 1079 M⁰C⁰XC⁰III⁰
394 1055 420 1078 et
442 1059 524 1078 anno
538 1050 587 1078 III
605 1050 802 1087 pontificatus
823 1051 928 1078 domni
950 1051 1091 1079 Celestini
1108 1050 1155 1078 III

184 1111 268 1139 pape,
287 1102 454 1131 indictione
471 1102 516 1138 XI,
542 1111 640 1131 mense
661 1103 757 1139 aprili
772 1102 819 1131 die
839 1103 935 1132 XIIII.
953 1103 1011 1131 Nos
1030 1103 1150 1139 quidem

185 1155 238 1184 Leo
252 1155 433 1192 Frajapane,
453 1159 523 1183 ante
537 1156 721 1192 presentiam
741 1155 847 1183 domni
865 1155 955 1189 Petri,
977 1155 1154 1183 Portuensis

185 1212 211 1236 et
226 1212 326 1236 sancte
342 1208 449 1244 Rufine
462 1207 606 1244 episcopi,
626 1212 652 1236 ct
667 1207 904 1244 subscriptorum
924 1208 1063 1242 testium,
1082 1216 1154 1244 pro-

183 1261 257 1298 pria
271 1265 377 1289 nostra
394 1260 557 1295 voluntate,
576 1260 702 1297 piqnori
714 1260 860 1296 ponimus
875 1264 900 1288 et
916 1260 1044 1296 obtiqam
1052 1268 1085 1287 us
1102 1268 1154 1287 ¹ro-

185 1315 238 1350 bis,
261 1314 384 1342 domino
401 1313 516 1348 Gentio,
536 1314 588 1341 Dei
606 1314 709 1350 qratia
726 1313 852 1341 diacono
867 1313 1024 1341 cardinali
1039 1312 1155 1341 ecclesie

185 1371 288 1396 sancte
303 1367 392 1395 Lucie
406 1367 442 1394 in
456 1366 548 1395 Silice
564 1370 591 1394 et
609 1366 714 1394 domni
727 1374 804 1402 pape
819 1366 1004 1400 camerario,
1025 1365 1064 1393 ad
1081 1373 1156 1402 opus

187 1424 214 1448 et
229 1420 402 1447 utilitatem
421 1418 693 1456 prelibati-domni
713 1418 854 1447 Celestini
876 1418 924 1446 III
941 1426 1018 1455 pape
1033 1418 1155 1454 ejusque

186 1481 403 1505 successorum,
425 1472 638 1509 procuratorio
660 1472 799 1505 nomine,
822 1475 856 1499 ut
878 1471 1011 1506 inferius
1031 1471 1153 1507 leqitur‚

190 1525 263 1554 idest
279 1529 370 1553 totam
388 1529 414 1553 et
432 1525 581 1560 inteqram
602 1524 791 1552 medietatem
807 1528 943 1552 nostram
953 1531 1009 1560 pro
1022 1523 1156 1551 indiviso

187 1579 318 1607 mioetarn
337 1586 406 1606 cum
422 1577 486 1605 alia
503 1576 661 1605 medietate
677 1576 827 1604 Manuelis
843 1576 955 1611 fratris
975 1576 1086 1610 nostri,
1108 1576 1156 1604 vi-

187 1631 292 1660 delicet
309 1631 401 1659 totius
418 1638 497 1658 rocce
513 1634 538 1658 et
557 1629 651 1657 castri
666 1630 783 1663 Asture,
805 1637 874 1658 curn
895 1629 994 1661 terris,
1012 1629 1156 1656 sementi-

187 1684 250 1719 bus,
268 1683 366 1717 silvis,
384 1683 485 1719 pratis
500 1686 526 1710 ct
540 1682 663 1718 pascuis
678 1682 722 1710 vel
735 1682 834 1718 aquis,
855 1682 960 1716 eineis,
978 1681 1115 1709 domibus
1129 1685 1156 1708 ct

187 1736 344 1771 casalinis,
365 1740 391 1764 et
406 1735 535 1771 denique
550 1743 618 1763 cum
636 1734 776 1763 omnibus
792 1734 858 1762 suis
872 1734 986 1769 usibus,
1008 1734 1156 1762 utilitati-

186 1790 239 1818 bus
254 1793 281 1818 et
293 1789 501 1826 pertinentiis,
520 1789 604 1816 intus
619 1792 644 1815 et
660 1787 780 1823 deforis,
796 1787 872 1815 dicte
889 1792 987 1816 nostre
1002 1787 1156 1815 medietati

188 1841 441 1880 competentibus;
463 1849 518 1878 que
539 1840 683 1869 medietas
704 1841 784 1869 arcis
804 1845 829 1868 et
854 1841 963 1874 castri,
990 1844 1022 1868 ut
1039 1839 1153 1868 dictum

189 1899 244 1929 est,
270 1903 340 1923 cum
365 1894 430 1922 suis
455 1893 758 1930 pertinentiisnobis
777 1893 910 1929 pertinet
924 1893 997 1929 jure
1016 1892 1157 1929 piqnoris

189 1947 235 1976 vel
249 1947 352 1981 aliter,
372 1947 452 1975 sieut
468 1955 523 1983 per
540 1946 743 1983 prieileqium
760 1950 884 1973 senatus
904 1949 1041 1982 apparet.
1061 1944 1154 1978 Quam

192 2007 259 2028 vero
277 1998 465 2027 medietatem
483 1997 559 2026 dicti
575 1997 669 2026 castri
683 2001 709 2025 et
725 1997 806 2025 arcis
821 2005 889 2025 cum
913 1997 978 2024 suis
997 1996 1157 2033 pertinen-

191 2051 244 2080 tiis
258 2051 377 2084 ammlo,
392 2050 464 2078 dum
485 2050 662 2088 hocpiqnus
678 2049 850 2083 duraverit,
869 2057 926 2086 pro
946 2049 1031 2077 nobis
1046 2054 1071 2076 et
1088 2057 1157 2076 nos-

191 2104 248 2132 tris
262 2103 422 2132 heredibus
438 2103 484 2131 vel
498 2102 724 2137 successoribus,
745 2110 763 2130 a
775 2101 924 2138 prelibato
941 2101 1066 2129 domino
1077 2109 1157 2137 papa

190 2161 216 2185 et
231 2157 296 2185 suis
314 2155 533 2184 successoribus
549 2155 690 2192 precario
707 2159 732 2182 et
748 2154 812 2190 ejus
833 2154 956 2182 nomine
969 2153 1158 2191 possidemus

187 2218 244 2247 pro
258 2214 376 2238 centum
396 2209 626 2245 quinquaqinta
642 2207 729 2236 libris
745 2207 892 2235 bonorum
905 2207 1156 2244 proveniensium

190 2266 327 2296 senatus,
354 2269 430 2298 quas
458 2260 556 2295 nobis,
589 2264 623 2288 ut
648 2259 761 2288 dictum
788 2264 842 2294 est,
867 2267 923 2296 pro
947 2259 1027 2287 dicto
1048 2259 1157 2288 domno

189 2323 284 2352 papa,
311 2313 525 2350 procuratorio
548 2312 672 2341 nomine
692 2317 719 2340 et
740 2312 775 2340 de
795 2312 859 2349 ejus
876 2312 1023 2349 pecunia,
1050 2316 1158 2340 mutuo

191 2367 272 2395 datis
288 2371 314 2395 et
329 2366 458 2394 solvitis.
476 2366 513 2393 De
533 2365 644 2401 quibus
664 2373 716 2393 nos
731 2365 800 2392 bene
816 2365 932 2401 quietos
951 2372 1109 2398 vocamus,
1131 2369 1158 2392 et

192 2428 254 2448 non
269 2420 364 2448 solute
378 2419 508 2456 pecunie
526 2419 697 2455 exceptione
715 2417 790 2446 dicti
810 2418 913 2446 mutui
928 2418 1055 2445 omnino
1073 2417 1158 2452 refu-

193 2477 305 2501 tamus.
325 2471 392 2500 Tati·
408 2476 518 2504 tenore,
537 2475 570 2498 ut
586 2471 613 2498 si
628 2470 667 2498 ad
686 2479 737 2498 sea)
757 2478 878 2505 menses,
896 2474 1056 2506 postquam
1075 2469 1158 2498 nobis

193 2525 239 2553 vel
258 2524 417 2553 heredibus
444 2523 555 2551 nostris
573 2522 730 2559 predictus
753 2522 883 2550 domnus
902 2529 1000 2558 papa,
1027 2521 1073 2549 vel
1095 2522 1159 2558 ejus

192 2585 342 2606 successor
356 2576 472 2605 dictam
490 2584 644 2603 summam
661 2575 794 2612 petierit,
814 2583 877 2602 eam
895 2582 963 2602 cum
980 2574 1066 2601 omni
1085 2574 1158 2602 inte-

191 2755 216 2781 1.
235 2753 265 2780 14
280 2753 350 2779 avril
370 2753 444 2780 1193,
462 2767 494 2771 —
512 2752 658 2782 Muratori.
677 2753 753 2785 Ani„
767 2755 788 2778 t.
804 2750 857 2782 111,
875 2759 902 2784 p.
918 2750 980 2777 799.
994 2763 1027 2769 -
1039 2749 1095 2776 Par
1111 2749 1160 2775 de-

1274 837 1386 874 qritate
1400 845 1458 865 non
1476 838 1657 866 solverimus
1669 839 1721 872 eis,
1737 844 1909 875 potestatem
1923 844 1949 867 et
1963 840 2117 868 licentiam
2134 841 2242 870 habeat

1274 899 1310 918 ex
1327 895 1400 919 tunc
1414 890 1513 919 dictus
1528 890 1657 918 domnus
1671 899 1764 928 papa,
1789 892 1832 919 cel
1847 892 1911 928 ejus
1929 901 2088 928 successor,
2108 893 2171 922 sive
2186 893 2240 922 ille

1275 943 1326 970 cui
1349 943 1550 978 commiserit,
1577 948 1639 970 tam
1664 943 1779 971 dictum
1798 944 1912 980 piqnus
1934 953 2027 981 quam
2051 946 2114 973 alia
2134 950 2241 974 nostra

1274 995 1350 1023 bona
1366 995 1424 1023 sibi
1440 995 1594 1031 placentia
1610 996 1793 1024 auctoritate
1813 997 1942 1033 propria
1963 1002 1988 1025 et
2007 998 2072 1026 sine
2086 999 2174 1035 juris
2194 998 2242 1034 os-

1274 1048 1359 1082 sensu
1376 1052 1402 1075 et
1417 1047 1553 1083 alicujus
1568 1048 1652 1075 curie
1665 1048 1908 1084 proclamatione
1923 1054 1948 1077 et
1965 1050 2138 1086 specialiter
2151 1058 2242 1078 sena-

1277 1104 1332 1134 tus,
1349 1099 1468 1136 inqredi
1481 1104 1506 1127 et
1519 1099 1577 1128 alii
1590 1100 1733 1136 obtiqare,
1750 1100 1883 1136 rendere,
1897 1101 1974 1140 a[ut]
1986 1102 2078 1130 aliter
2089 1103 2239 1137 alienare,

1275 1155 1301 1179 et
1324 1152 1415 1179 etiam
1436 1160 1493 1188 pro
1516 1151 1599 1180 dicta
1622 1161 1744 1180 summa
1765 1153 1903 1189 plenarie
1925 1154 2146 1190 satisfaccione,
2177 1155 2241 1183 nisi

1277 1204 1340 1240 ejus
1361 1203 1503 1231 voluntas
1522 1204 1617 1238 suerit
1637 1204 1720 1232 nobis
1742 1205 1812 1240 plus
1830 1205 1864 1232 in
1887 1210 1975 1233 antea
2000 1206 2136 1235 indutias
2153 1207 2240 1243 clare,

1276 1256 1360 1283 salvo
1382 1256 1522 1292 precario
1551 1260 1578 1283 et
1602 1257 1688 1284 omni
1711 1256 1774 1284 alia
1801 1262 1950 1293 potestate,
1979 1263 2012 1286 ut
2039 1259 2156 1287 dictum
2185 1264 2238 1295 est,

1277 1307 1316 1335 acl
1341 1308 1404 1344 ejus
1429 1308 1617 1341 utilitatem,
1647 1317 1707 1344 qua
1734 1308 1808 1336 hora
1833 1313 1986 1338 transacto
2010 1310 2088 1338 dieto
2112 1311 2244 1340 termino

1277 1360 1391 1389 dictam
1407 1369 1560 1389 summam
1578 1361 1747 1397 recolligere
1763 1362 1981 1399 coluerit,‘qua
1997 1363 2105 1398 soluta,
2122 1364 2245 1392 cartula

1278 1413 1329 1441 hec
1345 1421 1444 1441 vacua
1465 1413 1504 1441 sit
1526 1417 1552 1441 et
1573 1413 1613 1441 ad
1631 1421 1684 1442 nos
1704 1418 1884 1442 revertatur.
1903 1415 1939 1442 Et
1956 1415 2090 1443 ccdimus
2106 1421 2132 1444 et
2153 1424 2245 1444 man-

1277 1465 1387 1493 damus
1405 1465 1487 1494 vobis
1501 1474 1558 1502 pro
1576 1465 1654 1494 dicto
1677 1466 1787 1494 domno
1803 1475 1883 1504 papa
1906 1476 1993 1495 omne
2003 1468 2059 1504 J'us
2078 1473 2104 1496 et
2123 1477 2245 1497 omnem

1277 1519 1429 1547 accionem
1445 1519 1636 1555 personalem
1649 1524 1675 1547 et
1696 1519 1729 1547 in
1746 1528 1824 1554 rem,
1845 1524 1906 1548 tam
1927 1521 2019 1549 etiam
2034 1521 2074 1549 ad
2090 1522 2245 1558 aqendum

1278 1579 1373 1607 quam
1396 1571 1625 1608 excipiendum,
1652 1571 1731 1608 quod
1758 1580 1888 1608 quamve
1920 1573 1952 1601 in
1979 1573 2061 1602 dicta
2086 1574 2246 1603 vmedietate

1278 1620 1360 1653 arcis
1376 1629 1401 1652 et
1420 1625 1514 1652 castri
1529 1633 1598 1653 cum
1615 1625 1678 1653 suis
1693 1626 1889 1662 pertinentiis
1903 1626 2057 1662 habemus,
2075 1628 2119 1655 vel
2133 1627 2246 1656 adver-

1277 1686 1328 1705 sus
1355 1685 1579 1714 quamcumque
1601 1686 1763 1714 personam
1788 1678 1895 1707 habere
1915 1687 2084 1715 possemus,
2110 1686 2246 1718 respectu

1279 1734 1399 1758 tantum
1417 1734 1443 1758 et
1461 1731 1615 1758 occasione
1635 1730 1712 1759 dicte
1733 1739 1850 1758 summe
1872 1735 1991 1759 centum
2013 1733 2246 1769 quinquaqinta

1279 1782 1444 1811 librarum.
1470 1783 1505 1811 Et
1527 1783 1701 1818 refutamus
1722 1791 1777 1820 que
1793 1784 1879 1820 juris
1899 1784 1943 1812 vel
1963 1784 2061 1820 legum
2081 1785 2203 1814 auxilio
2217 1790 2246 1814 et

1277 1835 1447 1871 spetialiter
1467 1840 1604 1870 senatus,
1635 1844 1692 1872 quo
1714 1836 1762 1863 uti
1778 1844 1935 1873 possemus
1960 1845 2078 1873 quoquo
2098 1837 2184 1866 modo
2204 1837 2245 1866 ad

1280 1888 1512 1924 infrinqendam
1527 1889 1678 1924 prefatam
1697 1889 1910 1925 obliqationem
1929 1894 1954 1917 et
1969 1891 2075 1918 omnia
2091 1899 2147 1927 que
2161 1890 2245 1920 dicta

1277 1946 1361 1969 sunt.
1378 1941 1546 1969 Novissime
1561 1946 1663 1969 autern
1684 1946 1744 1969 tam
1765 1950 1822 1978 pro
1842 1943 1927 1970 nobis
1943 1951 2036 1979 quam
2058 1952 2115 1980 pro
2131 1944 2246 1972 nostris

1279 1993 1437 2021 heredibus
1457 1998 1483 2021 et
1504 1994 1734 2027 successoribus,
1753 1994 1834 2022 vobis
1851 2002 1907 2031 pro
1923 1994 2001 2023 dicto
2021 1995 2146 2024 domino
2162 2004 2246 2033 papa

1278 2050 1304 2074 et
1319 2047 1383 2082 cJ'us
1395 2046 1621 2081 successoribus,
1641 2051 1672 2074 ut
1691 2046 1807 2075 dictum
1825 2051 1876 2081 est,
1890 2049 2106 2083 procuratorio
2123 2049 2248 2077 nomine

1279 2099 1332 2127 lioc
1348 2099 1472 2135 piqnus,
1490 2103 1516 2127 et
1530 2099 1636 2127 omnia
1652 2107 1708 2135 que
1726 2099 1864 2136 predicta
1880 2104 1963 2133 sunt,
1980 2100 2138 2129 observare
2154 2105 2180 2129 et
2195 2101 2248 2129 de-

1277 2151 1398 2186 fendere
1414 2151 1629 2188 promittimus
1646 2151 1700 2179 sub
1713 2160 1792 2188 pena
1807 2151 1938 2188 predicti
1956 2153 2058 2180 mutui
2078 2153 2205 2190 duppli5
2219 2157 2248 2181 et

1277 2204 1376 2232 soluta
1401 2212 1480 2240 pena
1503 2204 1553 2232 hec
1576 2204 1698 2232 cartula
1722 2204 1814 2240 firma
1833 2210 2024 2241 permaneat.
2049 2205 2143 2239 Quam
2167 2206 2248 2234 scri-

1279 2257 1344 2285 bere
1359 2257 1467 2293 roqavi
1485 2257 1655 2286 Johannem
1676 2257 1780 2285 Leonis
1802 2258 2023 2293 scriniarium,
2052 2259 2084 2286 in
2108 2267 2207 2286 mense
2219 2262 2248 2286 et

1280 2308 1449 2337 indictione
1461 2309 1661 2346 suppradicta
1677 2310 1725 2338 XI.

1318 2363 1452 2390 Dornnus
1466 2363 1663 2396 Bovatianus,
1684 2363 1776 2390 testis.

1319 2415 1427 2443 Petrus
1442 2415 1476 2443 de
1494 2415 1620 2451 Atteyio,
1638 2415 1729 2443 testis.

1321 2468 1454 2496 Domnus
1474 2468 1586 2501 Tostus,
1609 2468 1698 2496 testis.

1319 2520 1426 2548 Petrus
1446 2519 1624 2553 Paladinus,
1645 2521 1734 2548 testis.

1319 2573 1486 2609 Jaquintus
1501 2572 1649 2609 Stephani
1663 2572 1698 2600 «le
1714 2572 1874 2605 Bovericis‚
1896 2573 1986 2600 testis.

1321 2625 1380 2661 qu
1394 2625 1548 2653 Johannes
1565 2625 1684 2657 Leonis,
1708 2629 1810 2652 sancte
1827 2624 1959 2652 Romane
1976 2625 2094 2653 ecclesie
2110 2625 2250 2653 scrinia-

1281 2677 1357 2712 rius,
1377 2677 1488 2705 habens
1500 2681 1676 2713 potestatem
1691 2676 1788 2704 dandi
1799 2681 1910 2705 tutores
1925 2681 1951 2704 et
1964 2681 2130 2711 curatores,
2145 2685 2250 2706 eman·

1281 2729 1408 2766 eipandi
1429 2729 1536 2763 etiam,
1561 2728 1712 2756 decretum
1741 2728 1956 2765 interponendi
1978 2732 2005 2756 et
2026 2729 2177 2757 alimenta
2197 2729 2251 2757 de-

155 2805 223 2828 vant
240 2801 352 2833 Pici-rc,
368 2802 478 2835 ῥνριμιε
494 2800 528 2826 de
548 2799 632 2826 Porto
653 2803 682 2825 ot
704 2798 940 2828 Saintc-Rufine,
963 2797 1039 2823 Lt'zon
1064 2796 1161 2831 Fraja-
1281 2781 1434 2815 cerneum-,-
1455 2781 1602 2817 ⁰⁰⁷²¹Plevi
1619 2785 1645 2808 ⁶²
1660 2780 1785 2809 abSOlvi·

155 2859 228 2886 pane
244 2858 355 2884 engage
370 2858 405 2876 au
422 2857 504 2884 pape,
518 2850 684 2883 repre'scnto
699 2856 748 2881 par
763 2847 788 2873 ln:
799 2846 924 2873 cardinal
935 2846 1076 2872 camerior
1086 2844 1162 2871 Cen-

154 2899 237 2930 cius,
262 2907 294 2925 sa
318 2898 416 2924 moine
438 2897 475 2923 du
499 2898 619 2923 chz‘ucau
639 2897 788 2929 d'Astum,
816 2903 888 2930 pour
912 2903 966 2920 une
991 2901 1103 2920 somme
1126 2892 1161 2918 de

158 2946 207 2973 150
222 2947 320 2973 livres.
1274 2949 1287 2969 s
1303 2950 1338 2967 an
1354 2943 1374 2968 C
