2434 3530
225 324 281 354 318
770 321 820 350 LE
844 320 987 349 LIBER
1010 318 1203 349 CENSUU
1215 320 1245 348 M
1269 320 1322 349 DE
1346 311 1532 350 L‘EGLISE
1555 320 1765 351 ROMAINE.

483 581 596 615 Quarta
612 581 813 616 persecuiaso.

263 648 424 678 Adi-ianus
436 650 503 685 post
518 655 624 675 chiiii
636 654 758 674 annun]
772 645 1005 675 iucarnationis
1017 645 1069 674 do-

223 688 305 717 miiii
322 686 599 725 imperavitannis
615 694 676 714 xxi.

261 1219 424 1250 Antonius
446 1219 523 1248 Pius
541 1227 613 1248 cnm
628 1217 703 1248 filiis
722 1217 789 1247 suis
805 1221 873 1255 post
891 1226 946 1246 cxi,
964 1225 1066 1246 anuos

220 1259 451 1289 incarnationis
465 1258 587 1288 domini
603 1258 699 1287 annis
715 1267 777 1287 xxn
796 1256 961 1286 mensibus
977 1265 1023 1285 111.

489 1634 602 1671 Quinta
616 1635 791 1672 persecutio.

259 1704 384 1732 Mai-cus
416 1702 578 1731 Antonius
609 1701 711 1730 Verus
742 1709 814 1730 cum
843 1701 937 1730 fratre
971 1701 1077 1730 Lucio

220 1742 354 1772 Aurelio
377 1741 551 1771 Commodo
577 1745 644 1779 post
661 1749 741 1770 ccxii
764 1740 994 1770 incarnationis
1014 1740 1064 1770 dei

218 1791 340 1811 annum
358 1781 640 1819 imperavitannis
654 1789 756 1809 xvnii.

258 2053 450 2083 Commodus
488 2056 557 2090 post
590 2053 771 2082 Antonium
807 2052 976 2090 imperavit
1008 2061 1066 2082 an-

219 2095 268 2122 nis
286 2102 340 2122 xiii
358 2096 426 2131 post
443 2101 549 2121 cmxiii
566 2100 688 2121 annum
706 2092 937 2122 incarnationis
954 2092 1024 2122 Dei.

257 2259 363 2289 Telius
376 2260 524 2289 Pertinax
540 2264 569 2288 et
585 2259 723 2288 Severus
740 2262 808 2297 post
823 2268 927 2288 cxcuii
941 2268 1065 2288 annum

218 2299 451 2329 incarnationis
469 2299 526 2328 Dei
544 2298 827 2337 imperavitannis
845 2308 934 2328 xvni.

257 2674 420 2704 Antonius
438 2674 599 2704 Caracalla
616 2675 788 2712 imperavit
806 2675 902 2705 annis
918 2685 978 2711 vn,
997 2679 1066 2714 post

219 2722 297 2743 ccxii
313 2713 545 2744 incarnationis
563 2714 699 2744 domini

261 2879 422 2909 Macrinus
445 2889 522 2910 ann.
545 2890 553 2909 ι
578 2884 646 2918 post
663 2880 921 2912 incarnationem
940 2882 1064 2912 domini

221 2927 343 2948 ccxviiii
362 2928 439 2948 ann.
458 2920 645 2949 Antoninus
662 2929 764 2951 annos
780 2930 815 2950 iii
832 2925 900 2959 post
914 2921 1064 2952 incarna-

221 2958 339 2987 tionem
357 2958 415 2987 Dei
433 2967 507 2987 ccxx
522 2968 656 2989 annum.

1192 385 1364 415 Anacletus
1381 386 1509 416 natione
1520 387 1642 417 Grecns
1655 387 1694 417 de
1711 388 1840 425 regione
1852 388 1989 418 Athenis
2002 398 2037 419 ex
2053 393 2139 428 patre
2152 389 2314 420 Antiocho

1151 438 1231 468 sedit
1250 443 1318 477 post
1336 448 1375 468 cii
1394 448 1516 468 annun]
1531 440 1764 469 incarnationis
1779 440 1903 469 domini
1920 441 2015 470 annis
2032 451 2097 471 VIIII
2115 442 2279 471 mensibus
2293 450 2314 470 11

1151 491 1264 520 diebus
1280 501 1297 520 x
1315 496 1344 521 et
1360 492 1494 521 cessavit
1510 493 1708 530 episcopatus
1725 493 1794 531 ejus
1810 493 1923 523 diebus
1940 503 2006 523 xiii.

1192 594 1354 623 Emi-istus
1374 595 1502 623 natione
1519 594 1640 624 Grecus
1656 604 1691 624 ex
1710 600 1796 633 patre
1811 595 1916 625 Jndeo
1933 596 2064 625 nomine
2079 596 2164 625 Juda
2180 596 2218 626 de
2233 596 2314 626 civi—

1152 650 1212 675 tate
1233 646 1395 675 Bethleem
1413 647 1495 676 sedit
1511 652 1577 684 post
1593 656 1640 676 cxi
1658 656 1778 676 aiiiiuni
1796 648 2028 677 incarnationis
2044 649 2172 678 Domini
2189 649 2284 678 annis
2297 658 2314 677 x

1152 699 1319 728 mensibus
1336 708 1378 727 Vll
1395 699 1507 729 iliebiis
1524 709 1544 728 ιι
1562 705 1591 729 et
1608 701 1744 729 cessavit
1761 700 1872 729 diebus
1889 710 1975 730 xViii.

1190 799 1373 829 Alexander
1396 801 1408 829 1
1435 801 1565 830 natione
1583 801 1747 831 Romanus
1764 811 1799 831 ex
1819 806 1906 840 patre
1924 802 2107 832 Alexandro
2126 802 2164 831 de
2185 802 2316 839 regione

1149 851 1250 889 Caput
1261 852 1357 880 Tauri
1369 852 1452 881 sedit
1467 856 1536 890 post
1551 862 1618 882 cxxi
1636 863 1758 883 annum
1773 854 2006 884 incarnationis
2018 854 2140 884 domini
2154 854 2248 883 annis
2260 863 2314 883 vui

1150 904 1316 933 mensibus
1332 914 1351 933 v
1368 904 1481 934 diebus
1499 915 1520 934 ii
1538 909 1567 935 et
1583 907 1718 935 cessavit
1735 906 1850 936 diebus
1866 916 1955 936 xxxv.

1190 1006 1304 1044 Systus
1321 1006 1449 1036 natione
1466 1006 1630 1036 Romanus
1647 1016 1682 1035 ex
1702 1011 1787 1046 patre
1804 1008 1932 1037 Pastore
1949 1008 2079 1045 regione
2094 1008 2153 1037 Via
2168 1007 2231 1037 lata
2248 1012 2317 1046 post

1149 1067 1275 1087 cxxviiii
1292 1067 1415 1088 annum
1434 1059 1669 1089 incarnationis
1688 1059 1813 1088 doiniiii
1832 1059 1913 1089 sedit
1931 1069 2008 1089 ann.
2026 1069 2044 1089 x
2062 1069 2104 1089 m.
2123 1070 2155 1089 iii
2173 1060 2202 1090 d.
2221 1070 2270 1089 xXi
2287 1065 2318 1090 et

1150 1112 1285 1140 cessavit
1301 1111 1413 1141 diebus
1431 1121 1463 1141 ιι.

1188 1212 1403 1251 Telesphorus
1422 1213 1553 1243 natione
1571 1213 1692 1243 Grecos
1713 1223 1749 1243 ex
1770 1215 1932 1244 anacorita
1955 1218 2024 1253 post
2039 1223 2185 1244 cxxxvuii
2208 1214 2316 1244 iucar-

1147 1267 1289 1296 nationis
1305 1267 1431 1296 domini
1448 1267 1530 1296 sedit
1545 1266 1642 1297 annis
1657 1276 1686 1296 xi
1704 1267 1872 1297 mensibus
1886 1277 1919 1296 iii
1934 1267 2047 1297 diebus
2057 1276 2119 1297 xxxi
2136 1272 2166 1297 et
2181 1267 2318 1297 cessavit

1147 1319 1259 1349 diebus
1277 1329 1336 1348 iiii.

1188 1421 1318 1460 Yginus
1336 1424 1464 1452 natione
1483 1422 1605 1452 Grecus
1621 1423 1659 1452 de
1677 1423 1806 1452 Athena
1822 1423 1915 1461 cujus
1934 1423 2122 1461 genealogia
2141 1431 2203 1452 non
2224 1422 2317 1453 inve-

1147 1477 1247 1513 nitur,
1269 1480 1336 1515 post
1354 1485 1389 1505 ci,
1407 1485 1530 1506 annum
1555 1476 1789 1506 incarnationis
1805 1477 1928 1505 domini
1947 1476 2029 1506 sedit
2044 1477 2139 1506 annis
2159 1486 2204 1506 1111
2224 1484 2316 1506 men-

1147 1529 1237 1559 sibus
1253 1538 1285 1558 iii
1302 1529 1418 1558 diebus
1434 1538 1465 1558 Vi
1482 1532 1511 1558 et
1526 1528 1663 1558 cessavit
1677 1529 1792 1558 diebus
1809 1538 1854 1558 111.
2040 1520 2048 1526 ⁴

1188 1630 1344 1660 Anicetus
1367 1630 1498 1660 natione
1516 1630 1619 1668 Syrus
1641 1639 1677 1659 ex
1700 1633 1789 1668 patre
1808 1630 1976 1660 Johannes
1994 1630 2033 1660 de
2048 1629 2232 1661 Vicomirra
2251 1634 2319 1670 post

1147 1684 1407 1714 incarnationem
1433 1683 1557 1712 domini
1584 1692 1670 1712 CL1111
1693 1691 1817 1712 annum
1833 1682 1914 1712 sedit
1930 1682 2027 1712 annis
2050 1692 2079 1711 ix
2096 1683 2261 1713 mensibus
2284 1692 2317 1713 ιιι

1148 1737 1261 1766 diebus
1278 1746 1323 1765 iiii
1341 1740 1370 1766 et
1386 1736 1522 1766 cessavit
1538 1735 1652 1765 diebus
1668 1745 1718 1765 xv.

1188 1839 1267 1868 Pius
1294 1838 1423 1868 natione
1446 1837 1539 1867 ltalia
1561 1837 1600 1867 de
1626 1837 1755 1867 civitate
1773 1837 1924 1875 Aquileia
1948 1846 1983 1866 ex
2005 1840 2092 1875 patre
2113 1836 2230 1867 Rufino
2252 1840 2321 1875 post

1148 1901 1242 1922 einii
1268 1900 1393 1920 annum
1418 1890 1651 1920 incarnationis
1674 1890 1799 1920 domini
1821 1889 1904 1919 sedit
1927 1890 2023 1919 annis
2038 1899 2067 1918 m
2086 1889 2253 1919 mensibus
2271 1898 2318 1919 ιιιι

1149 1945 1262 1974 (liebus
1277 1953 1327 1973 xxi
1345 1948 1375 1973 et
1390 1943 1525 1973 cessavit
1540 1943 1656 1973 diebus
1673 1952 1750 1972 xlm.

1189 2046 1303 2076 Sother
1320 2045 1449 2075 natione
1460 2045 1643 2083 Campanus
1660 2054 1695 2074 ex
1708 2049 1796 2083 patre
1807 2043 1985 2074 Concordio
2001 2037 2038 2073 de
2050 2044 2178 2074 civitate
2196 2043 2319 2073 Fundis

1147 2103 1217 2139 post
1232 2108 1329 2129 ccxxv
1345 2107 1469 2128 annum
1489 2097 1726 2127 incarnationis
1742 2097 1865 2127 domini
1883 2097 1965 2126 sedit
1979 2097 2075 2126 annis
2091 2106 2160 2126 Villi
2177 2101 2206 2126 et
2224 2105 2316 2126 rnen-

1148 2153 1238 2182 sihus
1257 2161 1290 2181 ιιι
1309 2156 1340 2181 et
1358 2151 1472 2181 diebus
1489 2160 1538 2180 xm
1556 2154 1584 2180 et
1602 2150 1736 2180 cessavit
1753 2149 1866 2179 diebus
1882 2159 1956 2179 mi.

1189 2254 1369 2284 Eleuterius
1385 2253 1514 2283 natione
1528 2252 1649 2282 Grecus
1666 2261 1701 2281 ex
1719 2256 1808 2290 patre
1821 2251 1975 2281 Abnudio
1991 2250 2029 2280 de
2043 2250 2159 2289 oppido
2171 2250 2317 2289 Nicopoli

1148 2312 1216 2347 post
1233 2315 1378 2337 ccxxxnii
1396 2314 1520 2336 annum
1538 2304 1772 2334 incarnationis
1787 2303 1913 2334 domini
1930 2303 2013 2333 sedit
2027 2303 2123 2332 annis
2138 2312 2179 2333 xv
2194 2303 2318 2333 mensi-

1147 2361 1208 2390 bus
1224 2369 1254 2390 vi
1271 2359 1385 2389 diebus
1400 2368 1420 2388 v
1437 2362 1467 2388 et
1483 2357 1619 2388 cessavit
1632 2357 1743 2387 diebus
1759 2366 1802 2386 Vi.

1187 2463 1298 2493 Victor
1327 2462 1340 2491 Ι
1373 2461 1504 2491 natione
1533 2460 1612 2490 Afer
1642 2469 1678 2489 ex
1709 2462 1796 2498 pai-te
1825 2457 1896 2497 (sic)
1928 2457 2032 2487 Felice
2064 2457 2145 2487 sedit
2172 2457 2267 2487 annis
2297 2466 2317 2486 x

1147 2524 1250 2545 mens.
1268 2524 1289 2544 ιι
1308 2514 1338 2544 d.
1358 2523 1377 2543 x
1395 2517 1464 2552 post
1481 2522 1567 2543 cxcix
1587 2521 1710 2543 annum
1732 2511 1964 2541 incarnationis
1982 2510 2108 2540 domini
2129 2514 2160 2540 et
2181 2510 2317 2540 cessavit

1147 2569 1260 2598 diebus
1275 2577 1331 2597 XII.

1187 2669 1355 2700 Zeferinus
1379 2668 1509 2698 natione
1532 2667 1698 2697 Romanus
1721 2675 1758 2696 ex
1781 2669 1868 2704 patre
1887 2664 2062 2695 Habundio
2086 2664 2168 2694 sedit
2189 2672 2267 2693 ann.
2285 2673 2316 2693 ix

1146 2732 1250 2753 mens.
1270 2732 1302 2752 Vi
1318 2721 1350 2753 d.
1363 2731 1382 2751 x
1397 2725 1467 2760 post
1488 2729 1595 2751 ccvnii
1613 2727 1738 2749 annum
1756 2719 1881 2749 incarn.
1901 2717 2027 2748 domini
2046 2720 2077 2748 et
2092 2717 2230 2747 cessavit
2244 2716 2314 2747 die-

1146 2777 1205 2806 bus
1223 2785 1266 2805 Vi.

1186 2878 1329 2909 Calixtus
1346 2877 1358 2906 1
1373 2876 1505 2905 natione
1528 2875 1692 2904 Romanus
1708 2882 1743 2903 ex
1761 2877 1848 2911 patre
1870 2872 1909 2901 de
1929 2871 2060 2909 regione
2077 2871 2163 2901 Urbe
2180 2870 2310 2900 Raven-

1146 2932 1296 2962 nantium
1315 2929 1396 2960 sedit
1410 2928 1504 2958 annis
1522 2937 1542 2957 v
1561 2926 1727 2956 mensibus
1749 2935 1770 2954 ii
1787 2925 1902 2954 diebus
1919 2933 1937 2953 x
1956 2927 2024 2962 post
2047 2932 2161 2953 ccxvm
2183 2931 2311 2952 annum

1146 2983 1380 3016 incarnationis
1396 2982 1455 3012 Dei
1472 2986 1502 3012 et
1517 2981 1652 3011 cessavit
1666 2979 1780 3008 diebus
1795 2987 1837 3007 Vi.
