2434 3530
45 1395 73 1415 ⁵9

44 1656 72 1676 ¹5

654 382 703 410 LE
729 382 873 411 [ABER
896 380 1131 410 CENSUUM
1157 380 1208 408 DE
1235 371 1418 410 L'EGLISE
1442 382 1649 412 ROMAINF..

99 856 340 889 LXXXVIIII.
353 872 390 876 —
402 855 617 884 Ixxocmwms
629 863 704 883 PAPA
720 855 751 883 11
765 855 906 885 lio-mmo
922 864 1114 885 lMPEnATORI

146 917 293 940 AUGUSTO
307 918 346 937 ET
363 908 482 937 Bienor.
501 915 699 936 IMPERATRICI
720 916 757 936 nr:
771 916 976 938 coner-:sstonn
989 917 1113 937 ALLoon

141 970 307 993 conmissa
328 961 476 989 Marinum
497 967 579 993 Qnoo
600 968 721 988 osssen‘r
742 969 780 988 An
795 968 848 988 Jus
866 969 904 988 nr
922 969 1112 990 PROPRIETA-

143 1025 209 1045 'ri-:M
226 1023 263 1044 Ac
280 1022 438 1044 nomiman
458 1013 594 1042 Homine
611 1020 756 1040 scere-sm
771 1013 978 1042 Pammene&

183 1120 219 1150 Si
235 1118 410 1149 auctoritas
426 1125 515 1146 sacra
531 1116 718 1154 pontificum
736 1121 766 1145 et
782 1120 916 1155 potestas
933 1117 1113 1155 imperialis

143 1181 218 1202 vere
233 1171 359 1209 glutino
377 1169 518 1199 caritatis
536 1169 573 1198 ad
590 1169 728 1197 invicem
746 1169 936 1206 copulentur
954 1169 1111 1207 Omnipo-

143 1224 225 1254 tenti
258 1223 386 1252 debitus
414 1221 589 1251 famulatus
616 1220 715 1250 libere
745 1221 859 1259 poterit
888 1220 1050 1258 exhiberi,
1083 1226 1114 1251 et

140 1276 341 1306 christianus
366 1274 502 1312 populus
523 1277 611 1311 grata
631 1282 704 1311 pace
731 1277 760 1301 et
784 1273 1017 1311 tranquillitate
1032 1283 1112 1311 gau-

140 1329 240 1358 debit.
260 1327 370 1357 Nichil
389 1327 476 1355 enim
496 1326 529 1355 in
548 1326 688 1364 presenti
705 1325 810 1355 seculo
825 1331 872 1355 est
888 1327 1037 1364 pontifice
1051 1327 1111 1356 ‹tla-

141 1380 231 1416 rius,
250 1379 354 1409 nichil
378 1387 451 1416 rege
476 1377 667 1414 sublimius3
692 1377 792 1407 nichil
819 1382 864 1407 est
882 1379 967 1417 quod
986 1379 1112 1409 lumine

140 1433 277 1463 clariore
299 1431 476 1470 prefulgeat
494 1440 590 1469 quam
612 1435 694 1460 reeta
712 1431 791 1460 fides
816 1433 848 1461 in
869 1433 1031 1471 principe,
1057 1433 1111 1461 ni-

140 1485 209 1516 chil
227 1489 273 1514 est
291 1484 376 1522 quod
396 1484 440 1512 ita
452 1488 591 1521 nequeat
605 1483 733 1513 occasui
749 1484 912 1522 subjacere
927 1493 1022 1522 quam
1037 1494 1112 1514 vera

141 1537 268 1575 religio.
297 1538 365 1572 Que
392 1536 549 1565 nimirum
574 1537 683 1565 omnia
701 1540 785 1565 tanto
802 1537 1020 1572 manifestius,
1044 1537 1112 1567 Deo

140 1590 273 1628 gratias,
294 1590 327 1618 in
346 1596 480 1627 persona
504 1592 556 1617 tua
576 1587 755 1617 clarescunt
775 1593 895 1626 quanto
916 1589 955 1619 ab
978 1590 1112 1619 ineunte

140 1646 224 1672 etate
242 1646 367 1671 amator
387 1641 554 1678 religionis
576 1644 605 1670 et
622 1640 724 1670 cultor
737 1641 861 1679 justitie
880 1641 1023 1671 extitisse
1038 1650 1111 1680 cog-

140 1695 296 1730 nosceris,
316 1698 346 1723 et
364 1693 541 1723 novissime
552 1693 667 1723 diebus
682 1693 750 1722 istis
766 1702 822 1722 nec
836 1702 971 1731 persone
985 1698 1037 1723 tue
1054 1703 1112 1724 nec

140 1747 270 1786 proprie
287 1747 446 1784 parcendo
461 1746 597 1784 pecunie
613 1754 668 1784 pro
683 1746 765 1775 beati
785 1747 870 1775 Petri
887 1747 1015 1776 servitio
1027 1746 1111 1776 mul-

143 1805 189 1831 tos
208 1800 332 1836 labores
349 1803 379 1828 et
394 1799 554 1828 immensa
575 1797 716 1836 pericula
731 1798 905 1836 pertulisti.
925 1799 1004 1828 Cum
1023 1807 1111 1836 ergo,

141 1856 277 1882 testante
301 1859 389 1880 sacro
412 1851 552 1888 eloquio,
578 1850 674 1880 etiam
701 1850 777 1880 mali
804 1855 905 1889 patres
932 1851 1016 1881 hona
1041 1851 1112 1881 data

140 1905 218 1934 filiis
239 1904 306 1933 suis
333 1904 467 1933 debeant
492 1903 669 1941 impertiri,
691 1902 827 1940 dignum
849 1904 986 1942 profecto
1006 1908 1053 1933 est
1079 1909 1113 1933 ut

139 1966 200 1987 nos
216 1957 272 1995 qui
287 1955 479 1994 disponente
497 1955 634 1985 Domino
652 1955 813 1984 universis
829 1955 985 1985 catholice
1003 1955 1110 1986 Eccle-

138 2009 188 2039 sie
201 2009 278 2038 filiis
293 2008 448 2038 debemus
464 2007 683 2037 sollicitudine
701 2012 833 2046 paterna
848 2008 1028 2044 consulere,
1041 2017 1111 2046 per-

138 2070 253 2092 sonam
267 2065 352 2090 tuam
369 2060 469 2090 artius
485 2059 658 2098 diligamus
672 2064 702 2090 et
715 2063 867 2098 tanquam
879 2060 1111 2098 specialissimo

139 2113 282 2144 Ecclesie
299 2113 458 2142 defensori
474 2113 508 2141 in
525 2112 576 2142 his
593 2121 655 2151 que
670 2113 709 2142 ad
725 2116 842 2142 statum
858 2113 986 2151 imperii
1001 2113 1036 2142 in
1054 2122 1111 2144 suo

139 2167 253 2196 robore
283 2165 541 2196 conservandum
571 2169 601 2194 et
628 2165 799 2194 utilitatem
826 2174 862 2195 ac
887 2165 1110 2196 liberationem

138 2218 297 2249 catholice
321 2217 463 2248 Ecclesie
481 2222 621 2256 spectare
645 2222 832 2254 noscuntur,
853 2222 915 2247 tam
933 2218 1110 2248 secundum

139 2271 396 2301 ecclesiasticum
412 2270 553 2300 officium
576 2279 672 2309 quam
701 2270 918 2309 temporaliter
938 2271 1110 2309 imperato-

138 2324 222 2353 riam
241 2323 418 2362 potentiam
435 2331 621 2360 augeamus.
640 2323 710 2353 Hoc
723 2323 878 2352 nimirum
895 2323 1018 2352 iutuitu
1031 2323 1110 2353 allo-

139 2375 230 2405 dium
249 2376 331 2406 bone
348 2376 504 2405 memorie
519 2375 679 2405 comitisse
695 2375 837 2411 Matilde,
851 2377 935 2413 quod
950 2375 1062 2413 utique
1072 2375 1112 2405 ab

140 2436 178 2456 ea
197 2428 288 2457 beato
313 2427 407 2457 Petro
426 2431 550 2457 constat
565 2436 633 2457 esse
651 2427 802 2458 collatum
825 2427 914 2457 vobis
934 2427 1110 2457 committi-

127 2580 145 2601 2
160 2581 195 2599 nn
211 2581 401 2600 concnssmns
418 2578 470 2600 etc.
487 2583 542 2601 om.
560 2577 594 2605 A,
612 2578 691 2600 habet
708 2576 739 2605 C,
756 2583 793 2600 m.
809 2580 882 2605 post.
897 2590 927 2594 —
943 2582 956 2602 s
972 2585 1026 2602 car.
1042 2579 1109 2608 glut.

98 2618 125 2642 A
138 2631 168 2635 ——
183 2619 287 2649 omnip.
303 2618 492 2647 <Domino>
510 2620 533 2643 Α
548 2632 577 2637 -
593 2625 607 2644 8
624 2620 837 2649 transquillitate
853 2619 872 2644 C
891 2634 918 2637 —
934 2624 964 2646 20
980 2621 1110 2652 debeant]

98 2663 230 2687 noverint
246 2664 269 2686 Α

135 2811 161 2838 1.
181 2810 300 2843 Lati-an,
323 2810 337 2837 8
355 2811 420 2845 juin
442 2811 520 2838 1133.
538 2826 572 2831 —
595 2811 623 2839 J.
641 2812 720 2839 7633.
737 2812 872 2844 Theiner.
897 2820 927 2839 no
950 2813 998 2846 13;
1020 2814 1056 2840 M.
1078 2815 1106 2841 G.

98 2860 325 2891 Constitutiones,
351 2863 371 2885 t.
396 2858 419 2892 1,
442 2868 470 2894 p.
496 2859 556 2887 169.
580 2859 663 2891 Jaffe,
687 2860 767 2887 7633.
792 2874 826 2881 —-
850 2861 987 2893 Albinus,
1011 2861 1040 2887 X
1064 2862 1106 2889 36.

97 2906 241 2934 Innocent
264 2906 290 2933 11
315 2907 435 2933 investit
457 2907 628 2942 l'empereur
651 2907 784 2935 Lothaire
807 2908 850 2942 ΙΙ,
875 2917 907 2935 sa
928 2910 972 2935 vie
993 2910 1108 2940 durant.

97 2954 152 2981 des
175 2955 260 2981 biens
282 2955 426 2982 allodiaux
449 2956 550 2990 legues
572 2964 607 2982 au
635 2956 819 2992 Saint-Si'ege
842 2965 893 2992 par
917 2958 942 2983 la
964 2961 1109 2984 comtesse

96 3002 248 3031 mathilde.

2139 387 2197 417 379

1238 865 1327 892 mus,
1352 861 1381 885 et
1401 866 1435 886 ex
1453 858 1622 895 apostolice
1639 859 1723 888 sedis
1739 860 1975 899 dispensatione
1994 867 2198 896 concedimus

1237 913 1331 947 atque
1350 910 1381 938 in
1402 910 1562 947 presentia
1585 910 1716 940 fratrum
1742 918 1921 944 nostrorum
1943 918 2198 957 archiepiscopo-

1236 970 1321 998 rum,
1337 961 1568 999 episcopornm,
1589 963 1738 992 abbatum
1758 974 1880 995 necnon
1898 970 2079 1007 principun]
2098 975 2127 999 et
2143 972 2198 1000 ba-

1236 1022 1351 1044 ronum
1370 1024 1424 1052 per
1441 1015 1575 1044 anulum
1594 1016 1830 1055 investirinnis,
1850 1021 1891 1049 ita
1908 1022 2056 1052 videlicet
2074 1028 2105 1052 ut
2123 1033 2197 1053 cen-

1238 1071 1304 1095 tnm
1316 1066 1414 1096 libras
1429 1067 1553 1104 argenti
1566 1068 1703 1105 siugulis
1714 1071 1809 1099 annis
1823 1073 1913 1102 nobis
1925 1079 1954 1102 et
1966 1077 2199 1105 successoribus

1236 1118 1354 1147 nostris
1380 1119 1540 1154 exsolvas,
1570 1124 1599 1148 et
1623 1125 1691 1158 post
1714 1126 1800 1151 tuum
1824 1124 1944 1154 obitum
1967 1128 2138 1164 proprietas
2161 1129 2198 1157 ad

1232 1171 1285 1208 jus
1305 1174 1335 1199 et
1348 1170 1528 1199 dominium
1547 1177 1653 1201 sancte
1673 1173 1815 1204 Romane
1835 1177 1965 1206 ecclesie
1981 1188 2051 1207 cuni
2071 1180 2198 1217 iutegri-

1237 1226 1298 1251 tate
1315 1223 1436 1260 absque
1456 1223 1672 1253 diminutione
1689 1234 1723 1254 ac
1742 1227 1884 1257 molestia
1903 1236 2088 1260 revertatur.
2109 1234 2198 1267 Quod

1236 1275 1262 1304 si
1283 1283 1340 1304 nos
1358 1275 1405 1304 vel
1429 1275 1541 1305 fratres
1565 1282 1689 1306 nostros
1715 1278 1748 1306 in
1773 1280 1905 1309 eandem
1932 1287 2046 1312 terram
2071 1286 2197 1321 venire,

1235 1336 1367 1357 manere
1386 1327 1435 1357 vel
1454 1329 1589 1357 transire
1613 1331 1802 1367 oportuerit,
1832 1337 1892 1361 tam
1917 1334 1949 1362 iu
1974 1335 2199 1374 su[s]‹:eptione

1235 1388 1331 1418 quam
1357 1380 1391 1408 in
1419 1380 1642 1418 procuratione
1669 1387 1762 1420 atque
1789 1392 1898 1414 securo
1925 1387 2082 1416 conductu
2110 1394 2200 1426 prout

1235 1431 1410 1470 apostolica
1427 1432 1516 1462 sedes
1533 1433 1710 1463 decreverit
1726 1435 1932 1467 honoremur.
1947 1439 2011 1474 Qui
2027 1449 2100 1469 vero
2112 1450 2199 1471 arces

1236 1484 1400 1514 tenuerint
1422 1484 1470 1514 vel
1492 1489 1594 1515 rector
1614 1490 1694 1516 terre
1715 1488 1811 1517 fuerit
1830 1489 1920 1520 beato
1945 1491 2038 1521 Petro
2059 1496 2088 1521 et
2107 1494 2197 1523 nobis

1235 1538 1417 1576 nostrisque
1438 1539 1674 1568 successoribus
1695 1540 1881 1571 fidelitatem
1905 1543 2033 1573 faciant.
2052 1545 2198 1575 Ceterum

1235 1598 1291 1627 pro
1308 1590 1437 1619 caritate
1456 1595 1559 1620 vestra
1581 1592 1681 1620 nobili
1705 1593 1772 1622 viro
1797 1594 1937 1624 Henrico
1958 1596 2104 1626 Bawarie
2124 1598 2198 1627 duci

1234 1650 1352 1679 genero
1371 1646 1474 1672 vestro
1493 1646 1523 1672 et
1542 1643 1606 1673 filie
1624 1649 1726 1674 vestre
1744 1668 1763 1674 ..
1785 1647 1876 1676 uxori
1891 1645 1963 1685 'ejus
1984 1650 2117 1678 eandem
2139 1655 2198 1679 ter-

1235 1702 1303 1723 ram
1330 1702 1403 1723 cum
1426 1695 1546 1733 prefato
1569 1704 1666 1725 censu
1693 1701 1723 1726 et
1743 1699 1933 1735 supradictis
1959 1701 2199 1731 conditionibus

1235 1747 1407 1785 apostolica
1421 1748 1617 1785 benignitate
1634 1750 1855 1786 concedimus:
1877 1753 1918 1781 ita
1939 1757 2042 1782 tamen
2062 1759 2094 1783 ut
2111 1755 2196 1784 idem

1235 1799 1298 1828 dux
1317 1799 1408 1829 nobis
1427 1799 1611 1830 hominium
1630 1802 1721 1830 faciat
1745 1807 1774 1832 et
1792 1803 1976 1834 fidelitatem
1998 1806 2088 1835 beato
2106 1807 2199 1836 Petro

1234 1860 1269 1881 ac
1291 1852 1381 1881 nobis
1403 1853 1582 1892 nostrisque
1606 1855 1954 1894 successoribusjuret.
1974 1858 2047 1887 Post
2063 1867 2196 1897 quorum

1234 1904 1355 1934 obitum
1380 1905 1558 1943 predic-tum
1583 1907 1742 1936 comitisse
1765 1908 1896 1937 Matilde
1918 1910 2071 1939 allodium
2093 1912 2131 1940 ad
2147 1913 2199 1949 jus

1234 1961 1264 1985 et
1279 1956 1459 1986 dominium
1478 1963 1586 1988 sancte
1606 1959 1749 1988 Romane
1771 1960 1920 1997 ecclesie,
1939 1963 2019 1991 sicut-
2035 1964 2199 2001 supradic-

1236 2013 1301 2038 tum
1320 2014 1384 2044 est,
1405 2010 1565 2047 integrum
1584 2015 1613 2040 et
1633 2011 1752 2050 absque
1771 2012 1988 2043 diminutione
2005 2019 2097 2053 atque
2115 2016 2199 2045 diffi-

1234 2061 1350 2091 cultate
1385 2062 1492 2101 aliqua
1522 2063 1708 2099 reducatur,
1742 2065 1828 2095 salvo
1862 2071 1967 2095 tamen
2004 2076 2129 2106 semper
2164 2069 2198 2097 in

1234 2115 1386 2145 omnibus
1401 2116 1545 2153 ejusdem
1564 2121 1670 2146 sancte
1688 2118 1832 2148 Romane
1845 2119 1977 2149 ecclesie
1990 2121 2063 2158 jure
2079 2130 2113 2150 ac
2131 2130 2199 2159 pro-

1234 2167 1378 2205 prietate.
1400 2168 1517 2197 Datum
1535 2169 1697 2205 Laterani,
1717 2180 1746 2199 vr
1764 2171 1835 2200 idus
1847 2171 1919 2209 jun.

1195 2324 1364 2354 LXXXX.
1382 2342 1420 2346 —
1437 2325 1587 2356 CARTULA
1605 2335 1768 2357 eonrrrsss
1786 2329 1932 2358 Mimos
1951 2338 2046 2359 suren
2067 2338 2199 2359 coxcss-

1235 2386 1326 2408 sione
1343 2387 1493 2408 nononnn
1513 2388 1638 2409 suenum
1656 2389 1753 2410 FACTA
1773 2381 1906 2411 nomm
1923 2391 2068 2412 Eccnnsnz
2081 2383 2102 2410 ¹.

1274 2483 1311 2511 In
1331 2483 1463 2513 nomine
1481 2488 1588 2513 sancte
1612 2489 1642 2513 et
1663 2484 1829 2514 individue
1846 2485 2021 2515 Trinitatis.
2042 2488 2140 2516 Auno
2159 2487 2198 2516 ab

1225 2658 1238 2677 ε
1254 2654 1367 2677 exolvas
1383 2654 1406 2677 A
1426 2667 1454 2670 —
1478 2659 1501 2678 ιο
1521 2655 1700 2684 succeptioue
1717 2654 1735 2678 C
1758 2667 1785 2671 —
1806 2659 1829 2679 12
1845 2656 2022 2685 apostolicam
2039 2657 2131 2680 sedem
2148 2657 2197 2681 de-

1193 2697 1282 2720 cuerit
1299 2697 1322 2720 A
1337 2709 1366 2714 --
1388 2702 1412 2721 ts
1427 2704 1529 2727 genero
1549 2705 1605 2721 om.
1625 2698 1648 2721 A
1672 2711 1700 2714 —
1721 2700 1844 2726 spatium
1864 2701 1950 2722 nnius
1967 2702 2042 2723 vocis
2056 2704 2117 2729 pos(
2135 2708 2196 2724 ves-

1192 2742 1234 2763 tre
1250 2741 1273 2763 A
1288 2754 1317 2757 —
1335 2746 1358 2764 17
1375 2741 1587 2764 condicionibus
1603 2742 1626 2764 A

1224 2788 1252 2808 27
1270 2789 1504 2808 SUPER-ECCLESIE
1520 2791 1575 2809 om.
1593 2785 1625 2812 A,
1643 2786 1672 2808 in
1689 2787 1706 2808 C
1722 2792 1758 2809 m.
1774 2788 1846 2814 pose.

1229 2957 1400 2987 1.Canossa.
1416 2959 1445 2985 17
1458 2959 1614 2985 novembre
1630 2959 1892 2994 1102.—Thei11er,
1904 2967 1934 2987 n⁰
1952 2962 1993 2989 10.
2008 2976 2042 2982 —
2059 2963 2193 2995 Albinus,

1192 3005 1221 3031 X
1238 3006 1280 3033 35.
1298 3005 1441 3033 Donation
1462 3007 1497 3033 de
1521 3007 1666 3041 Mathilde,
1684 3016 1720 3034 ou
1744 3009 1835 3043 plutOt
1859 3010 2102 3038 renouvellement
2117 3012 2151 3038 de
2169 3013 2195 3038 la

2255 1351 2278 1369 ¹⁴)

2254 1611 2278 1629 15
