2434 3530
659 336 707 365 LE
732 336 877 365 LIBER
901 335 1133 366 CENSUUM
1159 336 1212 365 DE
1236 327 1422 365 L'EGLISE
1447 336 1655 367 ROMMNE.
2147 339 2205 370 ‘293

149 410 229 440 papa
241 401 278 430 ad
295 405 435 431 sanctam
452 402 622 431 Martinam
638 410 708 431 cum
724 402 943 431 cardinalibus
957 402 990 430 iu
1010 411 1114 436 inane,

149 459 180 484 et
192 454 238 484 ibi
254 459 360 484 cantat
379 455 516 486 tertiam.
538 455 660 484 Deinde
677 455 785 484 induit
801 464 833 484 sc
850 456 881 484 iu
901 455 1032 484 ecclesia
1050 455 1117 493 ipsa

150 516 252 546 usque
269 508 308 536 ad
333 507 555 543 dalmaticam3
576 513 606 537 ct
627 508 740 537 induto
762 512 884 543 manto.
904 508 1035 545 apponit
1054 508 1116 537 nii-

150 565 230 590 tram
245 571 251 596 ;
269 569 445 600 omnesque
464 561 642 591 cardinales
663 561 804 590 induunt
821 570 870 595 se;
889 561 997 598 ibique
1014 565 1117 589 vasta-

150 614 225 643 rarii
242 623 314 643 cum
334 614 494 643 hostiariis
517 613 646 643 basilice
667 614 747 643 sacri
772 614 877 651 palatii
896 619 1117 652 representant

147 676 254 696 cereos
275 667 312 695 ad
340 667 593 696 benedicendum
609 678 615 702 ;
636 676 714 704 quos
733 667 840 696 minor
858 667 1115 705 presbyterorum

149 719 363 749 cardinalium
383 720 414 748 iu
428 719 539 748 ordine
552 719 723 748 benedicit.
739 719 923 748 Notandum
943 728 1016 748 vero
1032 720 1115 757 quod

150 773 281 802 ecclesia
300 773 398 802 sancti
420 773 505 802 Petri
523 772 576 801 dat
591 773 699 801 decem
718 773 815 801 libras
831 782 902 802 cere
925 783 979 811 pro
996 773 1046 802 liis
1063 782 1115 802 ce-

151 827 225 857 rcis.
251 827 323 856 Hiis
347 826 453 862 factis,
478 827 616 856 domnus
638 835 716 864 papa
737 826 803 855 exit
825 827 863 855 ab
889 827 1022 856 ecclesia
1043 836 1114 856 cum

149 879 378 914 cardinalibus,
396 884 426 908 et
439 879 584 908 ascendit
600 879 707 909 sedem
727 889 788 918 que
808 884 853 909 est
869 889 922 918 pre
938 881 1058 910 toribus
1078 880 1115 909 il-

150 932 213 961 lius
236 932 386 967 ecclesie,
408 934 437 961 et
459 941 555 962 manu
581 933 706 970 propria
731 932 844 970 populo
864 942 971 962 cereos
992 933 1114 971 proicit.

150 985 274 1015 Deinde
288 985 372 1014 vadit
386 994 441 1023 per
453 986 608 1024 porticum
625 987 662 1015 ad
673 986 841 1015 ecclesiam
855 987 955 1016 sancti
967 987 1115 1020 Adriani.

148 1045 179 1070 et
202 1039 348 1070 ascendit
370 1039 477 1068 sedem
502 1049 564 1078 que
587 1044 632 1069 est
657 1045 725 1078 post
746 1039 860 1074 altare,
881 1040 992 1078 ibique
1012 1045 1118 1070 cantat.

148 1097 280 1124 sextam.
301 1093 337 1122 Et
355 1096 495 1128 cantata,
515 1093 627 1131 recipit
642 1093 778 1123 faculam
798 1102 965 1123 accensam
982 1104 998 1122 a
1013 1094 1117 1132 priore

148 1147 379 1186 episcoporum,
394 1151 424 1176 et
440 1147 466 1176 si
485 1155 548 1176 nou
566 1152 612 1175 est
630 1156 758 1184 presens
777 1146 815 1186 [a]
835 1147 939 1184 priore
956 1147 1117 1186 presbyte-

149 1209 270 1230 rorum.
291 1199 353 1229 Sed
376 1200 459 1230 scola
482 1203 587 1229 cantat
604 1201 716 1229 Lumen
737 1201 775 1229 ad
799 1201 1028 1237 revelationem,
1045 1210 1118 1231 cum

148 1253 281 1292 psalmo.
304 1253 377 1283 Post
391 1253 555 1282 dationem
568 1253 774 1282 candelarum
787 1253 1003 1283 subdiaconus
1018 1254 1120 1291 regio-

149 1306 261 1335 narius
285 1305 426 1335 extendit
444 1305 594 1342 toaleam,
613 1310 643 1334 et
664 1306 805 1335 domnus
829 1315 907 1344 papa
930 1306 1033 1336 abluit
1051 1316 1119 1336 ma-

150 1369 210 1389 nus
237 1364 267 1388 et
288 1359 386 1388 mittit
406 1359 592 1397 cyrothecas
613 1363 643 1388 et
664 1359 823 1397 planetam
849 1364 878 1389 et
902 1359 1062 1398 palleum;
1090 1364 1121 1390 et

148 1412 289 1450 singulis
315 1412 534 1441 cardinalibus
562 1416 592 1441 et
615 1412 794 1441 camerario
820 1412 1040 1443 tautummodo
1067 1413 1121 1442 dat

148 1467 228 1496 duas
253 1465 424 1502 caudelas;
452 1466 700 1496 subdiaconibus
728 1470 758 1495 et
781 1465 855 1495 aliis
885 1470 948 1495 tam
974 1466 1118 1503 clericis,

147 1528 246 1558 quam
264 1519 354 1549 laicis
373 1527 428 1557 pro
446 1518 610 1548 voluntate
624 1528 692 1548 sua.

189 1573 264 1610 [ll].
287 1573 323 1602 Et
341 1572 515 1602 notandum
534 1572 615 1610 quod
638 1572 747 1601 docem
767 1577 797 1602 et
813 1577 881 1602 octo
899 1573 1023 1602 suntin
1042 1574 1120 1603 urbe

149 1626 352 1661 diaconatus,
371 1635 507 1664 quarum
530 1625 656 1661 clerici,
679 1630 845 1663 postquam
871 1626 984 1654 missas
1003 1626 1036 1654 in
1056 1627 1120 1655 eis-

149 1680 223 1709 dem
239 1678 512 1714 celebrat-erinna
529 1678 667 1716 siugulis
681 1678 838 1707 diaconiis
852 1679 1024 1717 ymagines
1037 1680 1118 1708 acci-

148 1732 281 1771 piendo,
300 1732 434 1761 veniunt
455 1740 527 1761 cum
548 1731 756 1770 ymaginibus
775 1731 843 1760 istis
861 1736 891 1760 et
913 1731 1028 1769 populo
1047 1741 1120 1770 pro-

148 1785 370 1815 cessionaliter
401 1785 561 1814 cautando
586 1784 624 1813 ad
656 1785 821 1814 ecclesiam
856 1785 940 1813 beati
969 1785 1117 1814 Adriani.

149 1838 275 1874 Quibus
292 1837 324 1866 in
343 1837 452 1867 eadem
469 1837 604 1867 ecclesia
618 1838 814 1870 coadunatis.
832 1838 1034 1875 primicerius
1045 1847 1118 1867 cum

151 1890 236 1921 scola
256 1891 369 1929 incipit
391 1891 602 1928 autiphonam
630 1892 751 1927 Exurge
781 1892 920 1927 Domine,
945 1895 975 1920 et
997 1895 1117 1927 cetera;

149 1950 180 1976 et
202 1946 333 1975 iuterim
356 1946 495 1976 domnus
515 1954 594 1984 papa
618 1945 782 1975 discalciat
805 1955 853 1981 se,
878 1951 907 1975 et
928 1955 1042 1975 omues
1063 1946 1120 1985 qui

150 2000 255 2029 induti
274 1999 370 2039 [suut]
389 1999 510 2028 vadunt
523 2008 595 2028 cum
611 1999 693 2028 eoin
711 1999 924 2037 processione7
938 2004 968 2029 et
981 1999 1119 2029 domnus

150 2061 230 2091 papa
238 2052 353 2090 accipit
367 2051 532 2090 planellos.
546 2051 708 2089 Completa
721 2060 821 2081 veroa
834 2052 1028 2090 primiceriis
1040 2054 1129 2086 anti-v

151 2105 268 2143 phona,
284 2105 425 2134 domnus
442 2114 520 2143 papa
536 2104 614 2134 dicit
632 2105 766 2141 Oramus,
786 2109 816 2134 et
833 2105 987 2135 diaconus
1003 2106 1119 2135 Flecte-

149 2167 219 2187 mus
234 2167 351 2196 genua,
373 2161 402 2187 et
418 2157 501 2187 alius
517 2157 671 2187 diaconus
695 2159 813 2194 Levace,
833 2164 860 2187 et
881 2158 1021 2188 domnus
1043 2168 1119 2197 papa

150 2211 226 2240 dicit
236 2211 415 2241 orationem
429 2211 467 2240 de
479 2210 620 2248 collecta,
632 2211 860 2241 scilicetPreces
870 2214 979 2250 populi·
993 2215 1049 2247 ιιιῐ,
1060 2217 1119 2242 etc.

152 2264 259 2294 Finita
275 2265 430 2300 oratioue,
445 2264 600 2294 diaconus
617 2265 714 2295 dicit:
730 2265 932 2294 Procedamus
948 2275 1015 2295 cam
1033 2275 1120 2303 pace5

151 2322 182 2347 et
200 2318 307 2346 omuis
323 2317 438 2346 chorus
457 2318 647 2356 respondet:
670 2319 703 2347 In
721 2320 844 2347 nomine
862 2319 987 2348 Christi.

192 2370 265 2409 [12].
286 2370 357 2399 Hiis
378 2370 422 2400 sic
446 2371 628 2409 completis,
648 2372 816 2409 ymagines
837 2372 1012 2409 precedunt
1030 2372 1119 2402 dom-

152 2432 230 2453 num
248 2432 360 2462 papam
380 2424 657 2462 processionaliter
672 2425 830 2454 cantando
846 2435 948 2463 usque
963 2426 999 2455 ad
1019 2426 1120 2455 eccle-

152 2477 232 2506 siam
254 2477 343 2505 beate
365 2477 467 2505 Marie
488 2477 636 2515 majoris;
659 2481 689 2506 et
711 2477 850 2506 domnus
875 2487 953 2516 papa
978 2479 1122 2516 seqnitur

153 2530 401 2568 processionem.
427 2528 574 2568 Cumque
598 2530 723 2559 venerit
738 2530 775 2558 ad
797 2533 936 2568 portam⁷
960 2532 1059 2569 ipsius
1076 2541 1122 2561 ec-

151 2582 266 2618 clesie,
297 2582 386 2611 exuit
415 2581 570 2620 planellos
595 2586 624 2611 et
652 2583 748 2611 nudis
772 2582 905 2621 pedibus
938 2584 1025 2613 vadit
1048 2593 1121 2614 cum

153 2635 226 2665 aliis
237 2636 268 2664 iu
284 2635 484 2673 processione
496 2643 597 2673 usque
609 2635 648 2664 ad
664 2636 835 2673 predictam
852 2636 1019 2666 ecclesiam
1034 2638 1123 2667 beate

155 2689 256 2718 Marie
271 2688 412 2726 majoris.
429 2688 603 2717 Sciendum
619 2693 724 2718 tamen
743 2689 827 2726 quod
845 2689 984 2719 domnus
996 2699 1075 2728 papa
1088 2691 1122 2720 in

152 2741 304 2771 omuibus
316 2739 576 2778 processionibus
590 2740 625 2769 in
638 2741 756 2778 quibus
770 2740 864 2778 pedes
877 2741 974 2777 vadit,
989 2742 1124 2780 pedibus

156 2793 350 2823 discalciatis
366 2792 497 2830 incedit,
514 2802 578 2822 uua
595 2797 718 2822 tautum
733 2797 858 2831 excepta
874 2793 908 2822 in
927 2794 1123 2825 Exaltatione

151 2847 281 2882 Crucis,
309 2846 430 2876 scilicet
453 2855 564 2876 mense
587 2845 772 2884 septembri.
795 2845 877 2875 Cum
900 2850 1006 2876 autem
1034 2847 1123 2877 dom-

154 2909 216 2930 nus
235 2909 313 2938 papa
330 2899 368 2928 ad
385 2899 552 2929 ecclesiam
569 2903 677 2928 sancte
697 2899 798 2928 Marie
815 2899 954 2936 venerit,
972 2899 1123 2938 primice—

154 2953 223 2982 rius
248 2961 321 2982 cum
347 2952 432 2982 scola
456 2955 622 2981 cantorum
645 2951 678 2980 iu
705 2951 840 2981 introitu
866 2951 999 2982 ecclesie
1023 2953 1124 2991 ipsius

153 3010 261 3035 cantat.
279 3006 312 3034 Te
334 3006 424 3034 Deum
441 3005 616 3034 laudamus.
635 3005 674 3034 Et
695 3004 811 3034 deinde
827 3004 965 3034 domnus
980 3015 1060 3044 papa
1076 3006 1124 3035 iu-

1239 406 1300 431 tr'at
1319 403 1493 432 sacrarium
1517 407 1546 432 ct
1568 405 1654 433 exuit
1675 404 1852 442 planetam3
1880 407 1931 436 ubi
1953 406 2037 437 scola
2059 407 2203 446 mapula-

1240 455 1360 484 riorum
1384 461 1412 484 et
1433 456 1702 486 cubiculariorum
1724 458 1841 488 liabent
1859 469 1974 497 aquam
1990 460 2127 490 cali-lam
2149 471 2205 500 pa-

1239 512 1339 536 ratam
1365 508 1402 536 ad
1428 509 1604 539 abluendos
1630 510 1723 548 pedes
1749 511 1856 540 domui
1886 522 1974 550 pape.
2005 514 2041 542 Et
2066 514 2206 544 domnus

1239 569 1316 598 papa
1343 561 1461 590 ablutis
1494 562 1627 599 pedibus
1655 563 1767 593 calciat
1793 565 1913 601 caligas
1943 576 2014 595 cum
2048 567 2206 597 sandaliis

1239 622 1293 651 pro
1316 622 1412 643 inissa
1429 615 1597 651 cantanda„
1617 620 1645 645 et
1662 617 1768 646 induit
1790 618 1948 655 planetam
1966 619 2071 649 albani
2091 625 2120 650 et
2145 630 2202 650 au-

1239 666 1425 696 rifrisiatam
1447 669 1585 697 miti-aiu.
1611 670 1742 699 [liat-oni
1764 671 1942 701 cardinales
1963 678 1993 701 et
2015 673 2206 704 subdiaconi

1239 720 1341 748 exutis
1360 719 1496 757 planetis
1513 721 1650 751 iuduunt
1671 723 1868 759 dalmaticas,
1888 729 1917 753 et
1934 726 1975 754 ita
1991 736 2061 755 cum
2083 735 2206 764 proces-

1239 773 1328 801 sione
1347 773 1468 802 vadunt
1487 774 1524 803 ad
1543 775 1641 805 altare
1663 777 1780 814 majus,
1800 782 1829 806 ct
1851 778 1892 807 ibi
1910 779 2086 809 celebratur
2108 781 2207 810 missa

1238 825 1276 855 de
1294 835 1392 855 more.
1413 827 1509 856 Missa
1525 833 1661 864 cantata,
1679 831 1782 859 cuncti
1797 831 1834 859 ad
1849 833 1972 869 propria
1987 838 2205 863 revertuntur.

1200 931 1284 970 [Vt]
1302 933 1380 966 Ouid
1396 934 1495 962 debeat
1511 935 1609 970 facere
1625 936 1753 965 domnus
1769 947 1845 974 papo
1870 939 1899 966 iu
1918 940 2161 969 ,lunitnli'alione
2175 946 2202 970 et

1543 988 1707 1017 il'czlirilace
1723 995 1825 1019 sancte
1842 991 1945 1020 Jlnri'e.

1282 1092 1353 1132 [13].
1374 1093 1410 1121 lu
1427 1094 1690 1123 Auuunciatioue
1708 1100 1737 1123 et
1750 1095 1923 1126 Nativitate
1938 1098 2082 1135 ejusdem
2100 1104 2209 1130 sancte

1242 1145 1343 1175 Mai-ie
1359 1146 1498 1175 domnus
1523 1156 1599 1185 papa
1618 1148 1737 1185 equitat
1759 1149 1797 1177 ad
1821 1156 1961 1179 sanctam
1982 1152 2114 1181 Mariam
2132 1162 2208 1183 cum

1241 1198 1461 1228 cardinalibus
1482 1204 1511 1228 et
1531 1199 1614 1229 fiunt
1630 1200 1689 1236 ibi,
1708 1204 1737 1229 et
1754 1202 1787 1230 in
1806 1202 1938 1231 ecclesia
1955 1205 2053 1233 sancti
2072 1206 2209 1236 Adriani

1242 1257 1272 1281 et
1290 1257 1398 1281 sancte
1418 1253 1515 1282 Marie
1532 1253 1673 1291 majoris,
1692 1255 1799 1283 omnia
1818 1256 1898 1284 sicut
1916 1256 2091 1293 predictum
2109 1258 2206 1287 estin

1242 1306 1472 1335 Purificatione
1488 1306 1632 1345 ejuisdem
1653 1311 1761 1337 sancte
1777 1308 1889 1339 Mar-ie.

1272 1412 1370 1452 [VIL]
1390 1414 1468 1447 Quid
1483 1414 1581 1443 debeat
1597 1416 1696 1450 facere
1713 1416 1743 1442 in
1761 1415 1970 1452 Assumpliune
1986 1417 2132 1452 ejusdem.

1284 1520 1358 1559 [14].
1370 1520 1408 1549 In
1423 1521 1654 1558 Assumptione
1666 1521 1809 1559 ejusdem
1821 1527 1928 1552 sancte
1942 1523 2041 1553 Marie
2054 1523 2149 1553 aliter
2162 1524 2209 1554 fit.

1245 1573 1391 1602 Domuus
1409 1582 1487 1611 papa
1503 1574 1622 1603 etenim
1640 1574 1727 1603 vadit
1749 1574 1788 1603 ad
1809 1584 1956 1613 vesperas
1976 1585 2048 1605 cum
2065 1577 2210 1607 cardina-

1242 1626 1344 1664 libus;
1363 1627 1481 1665 quibus
1497 1627 1646 1662 cantatis,
1665 1627 1803 1658 domnus
1826 1637 1905 1666 papa
1928 1629 1972 1658 ibi
1996 1635 2141 1660 remanet
2160 1635 2208 1661 at-

1238 1670 1306 1717 ¹que
1325 1680 1429 1718 jacet,
1452 1683 1480 1709 et
1501 1680 1534 1708 iu
1558 1681 1684 1718 propria
1700 1690 1835 1719 persona
1858 1682 1950 1712 debet
1971 1683 2004 1712 in
2026 1689 2116 1714 nocte
2132 1693 2209 1714 can-

1244 1733 1348 1762 tandis
1370 1732 1490 1771 vigiliis
1516 1733 1681 1764 iuteresse.
1706 1734 1880 1764 Sciendum
1900 1736 1983 1773 quod
2013 1737 2121 1767 minor
2143 1739 2210 1768 dia-

1241 1794 1396 1815 conorum
1415 1786 1507 1815 debet
1521 1787 1733 1815 Benedicamus
1752 1788 1877 1816 Domino
1891 1788 2008 1818 dicere.
2024 1790 2209 1821 Notandum

1242 1848 1314 1868 vero
1326 1839 1412 1877 quod
1427 1839 1623 1877 ubicumque
1637 1839 1774 1869 domnus
1788 1849 1867 1879 papa
1880 1842 1965 1871 vadit
1975 1842 2014 1871 ad
2027 1852 2206 1881 vesperum,

1243 1892 1377 1921 ecclesia
1401 1892 1453 1921 ubi
1476 1897 1522 1921 est
1543 1892 1636 1922 statio
1658 1893 1726 1930 ipsa
1748 1893 1841 1922 debet
1863 1895 1937 1924 dare
1958 1904 2070 1925 omnes
2090 1897 2209 1927 faculas

1244 1950 1306 1974 tam
1332 1946 1364 1974 in
1392 1954 1559 1983 vesperum
1584 1955 1680 1984 quatu
1701 1946 1734 1975 iu
1758 1951 1858 1976 nocte.
1876 1948 1995 1985 Vigilie
2019 1954 2126 1979 autem
2154 1951 2210 1980 tali

1242 1998 1356 2028 ordine
1372 1998 1585 2028 celebrantur.
1600 1998 1754 2028 Canonici
1773 2000 1915 2037 ejusdem
1931 2001 2061 2031 ecclesie
2076 2007 2136 2031 tres
2148 2004 2211 2041 pri-

1243 2061 1311 2080 mas
1332 2051 1483 2081 lectiones
1500 2051 1609 2090 legunt
1626 2056 1654 2080 et
1673 2053 1730 2081 tria
1747 2054 1946 2090 responsoria
1970 2055 2121 2085 similiter
2136 2066 2210 2086 cau-

1244 2109 1326 2141 tant,
1352 2109 1381 2134 et
1403 2105 1541 2134 domnus
1565 2113 1643 2143 papa
1670 2104 1853 2142 legentibus
1876 2106 1948 2136 illas
1973 2112 2033 2137 tres
2061 2108 2212 2140 lectiones

1245 2158 1297 2187 dat
1318 2158 1591 2194 benedictionem,
1612 2162 1641 2187 et
1658 2159 1779 2188 eisdem
1802 2159 1926 2189 diaconi
1943 2161 2121 2191 cardinales
2140 2173 2211 2200 pre-

1245 2211 1368 2249 cipiunt
1403 2212 1444 2240 Τιι
1469 2216 1582 2241 utitem.
1614 2212 1801 2250 Unicuique
1829 2213 1923 2242 etiam
1951 2214 2081 2244 illorum
2116 2217 2212 2246 trium

1246 2265 1333 2303 prior
1360 2264 1568 2294 diaconorum
1597 2265 1649 2293 dat
1675 2265 1754 2294 duos
1777 2265 1925 2296 denarios
1953 2268 1990 2296 de
2015 2273 2136 2298 senatu.
2162 2270 2213 2299 Ad

1246 2327 1508 2356 unamquamque
1531 2318 1663 2356 iusuper
1685 2318 1852 2347 lectionem
1876 2319 2012 2349 domnus
2035 2331 2113 2359 papa
2138 2331 2212 2352 cuin

1247 2371 1405 2401 turribulo
1425 2371 1545 2401 accedit
1565 2371 1603 2399 ad
1624 2372 1727 2409 majus
1746 2371 1844 2400 altare
1867 2378 1895 2401 et
1919 2382 2062 2411 presepe.
2088 2380 2117 2404 et
2139 2380 2214 2406 aute

1244 2425 1350 2463 ipsum
1380 2424 1553 2462 mapularii
1581 2428 1706 2462 portant
1731 2425 1810 2453 duas
1834 2426 1952 2454 faculas
1977 2427 2094 2464 positas
2117 2438 2214 2466 super

1246 2477 1438 2507 caudelabra
1454 2477 1566 2506 domni
1586 2486 1681 2515 pape;
1702 2477 1822 2507 faculas
1841 2483 1944 2507 autem
1967 2479 2019 2508 dat
2036 2480 2145 2510 eadem
2162 2490 2212 2511 ec-

1245 2531 1352 2560 clesia.
1376 2531 1497 2566 Quarta
1515 2539 1590 2560 vero
1609 2530 1703 2560 lectio
1723 2530 1843 2567 legitur
1860 2540 1877 2560 a
1894 2532 2083 2569 scriniariis,
2101 2535 2214 2572 quinta

1245 2593 1263 2613 a
1285 2584 1389 2622 priore
1410 2584 1651 2622 episcoporum,
1670 2589 1756 2612 sexta
1779 2593 1796 2612 a
1819 2584 1923 2622 priore
1941 2586 2211 2624 presbyterorum,

1246 2638 1381 2675 septima
1399 2646 1417 2665 a
1439 2637 1543 2675 priore
1558 2637 1784 2671 diaconorum,
1802 2642 1909 2665 octava
1925 2646 1941 2666 a
1960 2638 2064 2675 priore
2080 2639 2213 2669 subdia-

1246 2698 1416 2724 conorum,
1445 2698 1529 2719 noua
1554 2695 1660 2718 autem
1688 2698 1705 2717 a
1731 2689 1848 2718 domno
1874 2698 1963 2727 papa.
1987 2691 2032 2720 De
2059 2692 2214 2723 turribulo

1245 2748 1352 2772 autem
1371 2742 1525 2781 portando
1548 2742 1587 2771 ad
1609 2742 1707 2770 altare
1729 2742 1866 2773 domnus
1888 2752 1965 2781 papa
1984 2744 2116 2782 precipit
2138 2747 2214 2775 uni-

1246 2796 1364 2834 cuique
1383 2795 1543 2825 cardinali
1567 2804 1621 2833 pro
1645 2794 1816 2824 voluntate.
1840 2796 1890 2824 Ad
1913 2795 2081 2826 lectionem
2103 2798 2215 2828 domni

1247 2857 1325 2887 pape
1352 2847 1461 2877 nullus
1481 2848 1534 2877 dat
1555 2847 1830 2883 benedictioneui;
1849 2853 1879 2877 et
1899 2853 2005 2878 tamen
2021 2849 2089 2888 ipse
2111 2851 2188 2881 dicit
2205 2861 2213 2882 z

1245 2903 1331 2938 Jube,
1356 2906 1430 2936 etc.;
1456 2901 1573 2930 dicitur
1599 2901 1682 2940 quod
1708 2900 1868 2930 Dominus
1893 2902 1921 2931 ei
1946 2902 2129 2941 benedicat3
2153 2905 2217 2935 cir-

1245 2959 1444 2984 cumstantes
1469 2954 1663 2992 respondent
1692 2956 1797 2983 Amen..
1826 2954 1898 2984 Alia
1920 2964 2071 2993 respousa
2097 2957 2214 2988 decan-

1248 3011 1354 3036 tantur
1367 3007 1407 3036 ab
1423 3015 1487 3036 uno
1503 3006 1700 3036 subdiacono
1717 3011 1747 3036 et
1762 3006 1826 3036 alio
1838 3012 2020 3046 cantorum,
2033 3014 2063 3039 et
2078 3010 2219 3049 quilibet
