2434 3530
228 343 285 373 342
772 338 822 367 LE
846 338 988 367 LIBER
1012 335 1246 366 CENSUUM
1269 336 1323 365 DE
1347 324 1534 365 L’EGLISE
1556 334 1768 365 ROMAINE.

271 410 332 445 ipsa
347 412 425 435 terra
444 406 516 434 meis
527 406 696 442 sumptibus
712 405 743 433 in
761 404 939 432 Lombardia
955 408 981 431 et
999 403 1146 431 Romania
1163 411 1229 430 eum

269 465 387 488 centum
410 459 572 489 militibus,
603 458 631 485 in
658 457 763 485 Tuscia
786 465 868 491 vero,
902 456 980 484 Valle
1004 455 1164 492 Spoletana
1186 454 1232 483 vel

267 512 401 540 JIarcliia
431 519 497 538 cum
529 510 771 545 quinqzaiyinta‚
802 509 837 536 ab
867 508 938 536 L‘rbe
967 512 1069 536 autem
1094 512 1119 535 et
1146 507 1232 542 infra

271 571 371 591 versus
386 562 527 598 Apuliam
542 571 594 598 per
611 561 809 597 Campaniam
828 565 853 589 et
872 565 964 589 totum
984 568 1109 596 reanum
1128 558 1232 588 Sicilie

269 624 333 643 cum
353 614 463 650 ciqinti
477 623 530 650 per
548 622 674 642 mensem
692 614 845 649 integrum
862 613 996 649 singyulis
1009 613 1110 647 annis,
1131 620 1231 648 quein-

268 668 433 702 documque
444 667 528 700 fuero
546 666 720 702 requisitus,
737 670 865 702 tempore
880 665 1023 694 veniendi
1036 670 1061 693 et
1079 663 1233 692 recedendi

268 719 394 746 minime
419 722 598 755 computato.
620 719 658 746 ,210
675 718 794 753 deinde,
820 722 969 754 quantum
993 718 1050 745 sibi
1066 717 1227 754 placuerit,

268 772 299 799 in
322 771 386 799 suis
405 771 567 798 d'umtamat
589 771 726 807 expensis
751 771 860 807 leyatos
881 775 906 798 et
929 771 1054 798 nuntios
1074 770 1232 806 apostolice

267 824 343 851 sedis
368 823 398 851 in
427 827 537 850 terram
564 823 712 850 venientes
730 824 883 859 prefatam
911 822 1011 851 devote
1037 822 1180 858 recipiam
1206 826 1234 850 et

267 875 428 911 honorifice
444 875 643 911 pertractatu).
665 875 721 903 Hec
737 875 842 903 omnia
855 875 1000 912 promitto
1019 883 1064 902 me
1081 875 1155 902 bona
1175 874 1232 910 fide

268 928 466 964 impleturum
486 931 511 955 ct
531 931 746 961 serraturunm
766 927 808 955 sic
830 936 874 954 me
899 928 973 955 Deus
992 927 1115 962 adjuret
1136 931 1162 954 ct
1182 926 1232 954 hcc

267 984 370 1008 sancta
387 979 554 1015 ecangyelia.
569 980 674 1007 Actum
690 980 721 1007 in
735 984 832 1008 castro
849 980 940 1016 Carpi
955 980 987 1007 in
1001 979 1120 1008 ecclesia
1132 983 1232 1007 sancte

267 1033 369 1067 Marie,
389 1033 418 1060 in
438 1032 578 1060 manibus
592 1032 734 1068 nzagyistri
751 1032 903 1068 Peleyrini
919 1032 1023 1060 domni
1038 1040 1114 1069 pape
1133 1031 1232 1069 capel-

269 1085 334 1113 lani
350 1084 388 1112 ad
404 1084 455 1112 hoc
471 1084 643 1121 specialiter
658 1084 786 1121 deleyati
800 1084 941 1119 feliciter.

306 1137 366 1173 Ego
388 1137 514 1165 Thomas
535 1137 589 1174 qui
605 1144 692 1165 vocor
714 1136 867 1165 Rizardus
883 1136 987 1164 domni
1004 1136 1119 1165 Ottonis
1137 1137 1232 1174 impe-

270 1189 380 1217 ratoris
396 1189 537 1217 notarius
553 1194 676 1225 royatus
690 1189 830 1224 interfui,
848 1189 994 1218 audiviet
1009 1189 1117 1226 scripsi
1133 1194 1159 1217 ct
1175 1190 1233 1218 duo

270 1242 474 1270 instrumenta
492 1249 552 1269 uno
568 1245 665 1269 tenore
682 1241 838 1278 complevi.

312 1297 337 1322 *1⁴
357 1293 484 1330 Siynum
497 1294 619 1330 proprie
636 1302 747 1322 manus
760 1294 864 1322 domni
877 1294 1099 1331 Salltsstzqztei·›·e‚
1116 1295 1169 1331 qui
1181 1295 1234 1323 ltoc.

268 1346 336 1383 fleri
353 1347 471 1383 royaoit
489 1350 515 1374 et
529 1346 631 1383 siyt'llo
649 1354 702 1374 suo
718 1347 905 1375 communiri
918 1347 1060 1384 precepit.

313 1403 338 1427 ›1‹
359 1399 416 1435 Eyo
436 1399 578 1427 nicolaus
594 1399 725 1435 Reqinus
740 1399 892 1436 episcopus
910 1400 1050 1434 interfui,
1071 1400 1235 1437 subscripsi

270 1456 296 1479 et
308 1451 346 1479 ad
360 1452 501 1487 majorem
516 1452 663 1479 cautelam
678 1460 740 1479 meo
751 1452 853 1487 siglillo
869 1452 921 1479 hoc
938 1452 1059 1480 muniri
1072 1452 1231 1480 mandavi.

275 1509 299 1533 ὦ
319 1504 378 1540 Eoo
395 1504 613 1532 Mainardinus
642 1504 804 1532 Ymolensis
822 1505 975 1541 episcopus
992 1505 1135 1540 interfui,
1165 1505 1235 1533 sub-

269 1557 379 1593 scripsi
399 1561 424 1584 et
450 1557 502 1585 hoc
521 1556 667 1584 similiter
687 1557 789 1593 sigillo
816 1557 937 1584 muniri
964 1557 1094 1594 precepi.
1125 1565 1151 1590 ›1‹
1177 1558 1236 1595 Eyo

270 1609 419 1637 Henricus
430 1609 626 1637 Bononiensis
635 1609 788 1646 episcopus
799 1609 939 1644 interfui,
959 1610 1123 1647 subscripsi
1139 1614 1166 1638 et
1184 1610 1236 1639 hoc

271 1661 416 1689 similiter
431 1661 532 1697 sigillo
548 1670 611 1689 meo
628 1662 867 1698 roborarijussi.
884 1662 944 1698 Eyo
959 1662 1020 1690 Azo
1036 1663 1123 1691 abbas
1138 1664 1238 1692 sancti

270 1713 421 1741 Benedicti
445 1713 479 1741 de
503 1713 617 1742 Laronc
643 1714 786 1749 interfui,
813 1714 978 1752 subscripsi
999 1719 1025 1743 et
1047 1715 1149 1751 siqillo
1174 1724 1238 1744 meo

271 1766 392 1793 muniri
407 1766 473 1801 feci.

313 1818 406 1846 Testes
421 1823 522 1846 autem
538 1818 577 1846 ad
593 1819 645 1847 hoc
663 1820 760 1856 royati
776 1824 801 1847 et
815 1821 978 1855 convocati,
996 1820 1099 1849 clerici
1114 1825 1141 1849 et
1152 1822 1234 1856 laici,

271 1870 383 1899 scilicet
401 1870 530 1899 domnus
546 1872 633 1899 abbas
648 1872 747 1901 sancti
762 1872 845 1901 Petri
864 1872 898 1901 de
915 1873 1060 1902 Cremona
1077 1878 1103 1901 et
1119 1874 1239 1902 donnus

272 1923 511 1960 archipresbyter
536 1923 569 1952 dc
593 1924 700 1961 Carpo,
727 1929 753 1953 ct
776 1924 896 1953 donnus
927 1925 1108 1954 Guillclmus
1135 1927 1240 1954 archi-

269 1976 422 2012 presbyter
440 1976 610 2011 Quaranti;
631 1977 703 2005 laici
718 1982 821 2006 (tutem
837 1978 1031 2006 Raimundus
1046 1978 1080 2006 de
1095 1978 1191 2014 Sisso,
1214 1983 1240 2007 et

271 2027 448 2062 Manfreclus
465 2028 498 2056 de
514 2028 613 2065 Sisso,
631 2034 656 2058 ct
673 2029 768 2058 Guido
790 2030 823 2058 de
843 2030 941 2064 Sisso,
964 2035 990 2058 et
1005 2031 1072 2059 Atto
1088 2031 1122 2060 de
1140 2031 1235 2066 Sisso,

271 2080 458 2116 Mamfredus
482 2081 572 2118 Lupi,
604 2082 785 2111 Guillelmus
806 2083 839 2111 de
862 2082 994 2111 Fuliano
1017 2088 1043 2111 el
1067 2083 1241 2121 Huyolinus

271 2133 369 2167 frater
384 2133 456 2169 ejus,
474 2133 719 2170 Pa›·eus5p·0ssus,
741 2135 920 2163 Affiriconus
940 2136 1153 2171 CambiatoriS,
1180 2137 1240 2165 Pa-

273 2193 372 2220 qanus
400 2185 434 2213 dc
464 2185 601 2221 Saoiolal
629 2187 789 2215 Ardu‘inus
812 2187 845 2216 de
869 2188 1008 2216 Bondeno
1037 2193 1062 2216 et
1089 2189 1241 2218 Piscatore

268 2237 366 2273 judea:
392 2237 426 2265 de
452 2238 606 2273 Bundeno,
637 2240 774 2268 Guidotto
795 2240 827 2268 de
849 2240 1002 2275 Bundeno,
1031 2241 1186 2270 Jordanus
1208 2242 1241 2270 de

273 2290 428 2326 Bundeno,
460 2291 630 2320 Fulcltinus
661 2293 694 2321 de
725 2293 937 2331 Campaniola,
972 2294 1185 2323 Guizardinus
1207 2296 1240 2324 de

275 2343 486 2380 Campaniola,
517 2345 641 2373 Jacobus
671 2345 704 2374 dc
730 2347 883 2382 Lafracta,
912 2347 1178 2384 Hildeprandinus
1207 2348 1241 2377 de

274 2396 441 2433 Prentopar
456 2402 482 2425 et
501 2398 607 2426 multis
622 2399 704 2427 aliis.

236 2539 385 2569 LXVIII.
414 2557 452 2563 -ε-
478 2541 754 2572 INSTRUMENTUM1
782 2551 1053 2574 ADDESTRATORUM
1080 2554 1240 2575 MAPPULA-

275 2601 395 2622 monum
413 2601 453 2622 ΕΤ
469 2602 698 2624 cnmcmonnM.

315 2686 352 2713 In
376 2687 496 2715 nomine
520 2687 651 2723 Domini,
675 2696 756 2716 anno
773 2688 1005 2725 Xpontificatus
1025 2690 1131 2720 domni
1146 2692 1240 2720 Inno-

238 2832 301 2864 fass,
319 2834 379 2859 voit·
394 2833 435 2860 les
451 2835 650 2863 observations
667 2837 701 2863 de
720 2837 752 2863 P.
770 2837 876 2870 Fabre,
895 2848 921 2873 p.
940 2840 986 2866 101
1006 2848 1036 2871 a,
1055 2849 1082 2868 n.
1099 2842 1113 2867 7
1128 2853 1132 2873 ;
1150 2842 1196 2868 101
1216 2843 1240 2874 b,

240 2881 314 2911 n.1·,
336 2881 585 2915 10911,11.·2;130
600 2892 627 2915 a,
646 2893 673 2911 n.
691 2885 714 2911 1.

276 2929 300 2954 1.
320 2929 349 2955 ‘21
368 2938 442 2956 mars
460 2931 536 2957 1207.
555 2947 586 2951 —
608 2932 762 2966 Muratori,
781 2938 801 2961 t.
821 2934 874 2966 VI,
898 2945 925 2970 p.
943 2937 1004 2964 459.
1021 2936 1063 2964 Cf.
1081 2938 1240 2971 ci-dessus,

239 2986 267 3011 p.
286 2976 346 3008 304,
365 2977 425 3004 305.

1353 402 1445 430 centii
1471 401 1555 430 tertii
1575 410 1651 438 pape
1672 406 1699 429 ct
1719 401 1885 429 indictione
1903 402 1927 430 X
1941 410 2040 430 mense
2056 403 2164 430 martii
2180 402 2228 430 die
2243 403 2313 431 XXI.

1352 454 1409 481 Nos
1434 453 1555 490 quidem
1582 453 1748 482 scolenscns
1774 453 1808 481 de
1837 454 1914 482 scola
1942 454 2206 483 addcxstratorum
2232 461 2258 484 et
2284 455 2318 483 de

1352 506 1430 534 scola
1452 506 1720 543 mappulariorum
1744 510 1769 533 ct
1790 506 2013 541 cubiculorum,
2040 507 2153 535 scilicet
2174 508 2318 537 Nicolaus

1351 557 1482 586 Jaconus
1503 558 1591 594 prior
1616 558 1862 595 mapulariorzwn
1891 562 1917 586 et
1946 558 2098 587 Romanus
2123 559 2156 587 tle
2181 560 2318 589 Johanne

1355 609 1474 638 Tinioso
1490 610 1578 647 prior
1599 610 1632 638 de
1650 610 1727 638 scola
1744 610 1952 639 cubiculorum
1971 615 1997 638 et
2013 610 2184 647 Stephanus
2199 612 2319 641 Nicolai

1352 662 1458 690 Jaconi
1473 666 1499 690 et
1514 663 1656 691 Nic-olaus
1672 662 1706 691 de
1720 663 1857 691 Johanne
1870 663 1970 691 abbate
1983 667 2009 691 ct
2027 663 2188 699 Grcgyorius
2202 664 2318 693 Simeo-

1352 714 1402 742 nis
1424 719 1450 742 et
1473 715 1604 751 Anqelus
1625 715 1659 743 de
1678 716 1763 743 Pecta
1784 720 1809 743 cl
1829 715 1922 744 Homo
1944 716 2043 744 sancti
2063 716 2145 744 Petri
2164 721 2190 745 et
2214 717 2320 745 Petrus

1351 766 1540 795 scriniarius
1555 772 1581 795 et
1596 768 1739 795 Nicolaus
1757 768 1790 795 de
1807 767 1957 805 Stephano
1974 772 2000 796 et
2014 768 2094 796 Mala
2112 768 2207 805 Spina
2223 773 2250 797 et
2267 769 2320 798 Ja-

1352 818 1438 846 cobus
1453 818 1487 846 de
1502 819 1667 848 Laurentio
1684 821 1890 848 marmorario
1905 824 1931 849 ct
1947 821 2064 849 Paulus
2080 821 2215 850 Faraonc
2232 822 2322 858 prior

1353 870 1387 898 de
1406 871 1485 899 scola
1506 871 1770 901 addewstratorum
1795 877 1821 901 ct
1842 873 2007 902 Pantaleon
2032 878 2057 901 et
2079 874 2223 910 Royerius
2241 874 2321 903 Tan-

1353 923 1434 951 credi
1450 928 1476 951 et
1491 924 1598 952 Petrus
1612 924 1730 953 Josanti
1746 929 1772 953 et
1787 925 1960 954 Lconardus
1978 926 2107 954 Romani
2122 926 2156 954 de
2173 926 2321 955 Gulielmo

1353 980 1380 1004 et
1396 976 1528 1013 Anqelus
1544 976 1577 1004 de
1593 977 1678 1005 Pccta
1695 982 1721 1005 et
1736 978 1879 1006 Nicolaus
1894 977 1928 1005 de
1944 978 2020 1007 Caro
2034 978 2172 1007 Johanne
2187 983 2214 1007 et
2227 979 2321 1008 Homo

1353 1029 1453 1056 sancti
1475 1029 1557 1057 Petri
1583 1034 1608 1057 et
1633 1029 1809 1058 Benedictus
1832 1030 2005 1058 Patitarius
2028 1035 2054 1059 et
2077 1031 2220 1068 Roqerius
2243 1032 2321 1060 scri-

1355 1089 1372 1108 n
1380 1081 1488 1116 iarius,
1506 1082 1632 1118 prestito
1646 1087 1834 1111 sacramento
1851 1083 2064 1119 promittimus
2083 1092 2128 1112 om
2136 1092 2185 1112 nes
2203 1085 2324 1121 pariter

1355 1133 1434 1169 quod
1458 1134 1565 1162 amodo
1594 1143 1611 1162 a
1638 1134 1725 1162 nullo
1749 1135 1971 1172 archiepiscopo
1996 1135 2042 1163 vel
2065 1136 2197 1172 episcopo
2221 1144 2323 1166 conse-

1355 1191 1438 1215 cralo
1457 1187 1504 1215 vel
1519 1187 1620 1215 abbate
1636 1187 1784 1215 benedicto
1806 1196 1857 1215 seu
1877 1188 2006 1224 quolibet
2028 1188 2170 1217 ordinato
2185 1189 2323 1226 equ[u]m

1355 1239 1402 1267 vel
1421 1244 1562 1267 mantum
1577 1244 1631 1267 aut
1646 1239 1796 1276 quodlibet
1811 1241 1892 1268 aliut
1905 1249 1960 1277 per
1975 1241 2242 1278 importunitatem
2258 1243 2324 1271 exi-

1354 1301 1417 1329 yem
1425 1300 1458 1320 us
1474 1297 1529 1320 aut
1540 1301 1595 1329 per
1611 1292 1786 1321 violentiam
1805 1294 2058 1330 emtorqztebiimis,
2074 1302 2123 1322 nec
2134 1299 2257 1331 propter
2272 1294 2324 1323 hoc
2364 1322 2367 1323 ⁷

1356 1345 1497 1382 aliquam
1515 1346 1667 1382 injuriam
1684 1346 1769 1374 verbo
1790 1346 1836 1374 uel
1855 1346 1933 1381 facto
1952 1347 2095 1383 cuiquam
2118 1347 2325 1384 irroqabimus

1356 1401 1411 1426 aut
1427 1398 1576 1433 faciemus
1593 1399 1742 1435 irrogyari,
1767 1403 1809 1427 set
1831 1399 1901 1427 illut
1922 1407 1988 1427 cum
2012 1400 2187 1436 §ranarum
2208 1401 2325 1429 actione

1356 1451 1540 1488 accipiemus
1557 1451 1636 1488 quod
1659 1451 1742 1479 nobis
1763 1452 1798 1479 ab
1816 1452 1920 1488 aliquo
1932 1452 2141 1488 predictorum
2159 1453 2326 1481 liberaliter

1355 1504 1451 1538 fuerit
1466 1504 1631 1540 elargyitum
1650 1504 1695 1532 ¹cel
1711 1503 1789 1540 quod
1804 1505 2027 1532 cammerarius
2046 1505 2212 1541 requisitus
2227 1506 2326 1543 gyratis

1353 1556 1465 1593 poterit
1481 1556 1620 1584 obtinere.
1635 1556 1695 1585 Sub
1708 1556 1807 1585 eodem
1821 1557 1913 1585 ctiam
1923 1557 2103 1594 juramento
2113 1559 2327 1594 promittimus

1357 1609 1436 1646 quod
1460 1618 1520 1638 non
1541 1610 1658 1638 erimus
1684 1610 1715 1638 in
1736 1610 1815 1645 facto
1838 1610 1884 1639 vel
1905 1610 2031 1639 consilio
2054 1610 2100 1639 vel
2122 1619 2267 1640 consensu
2291 1616 2326 1640 ut

1354 1662 1460 1699 plures
1482 1671 1574 1699 quam
1591 1667 1724 1699 quatuor
1745 1671 1780 1691 esc
1796 1663 1984 1699 mapulariis
2002 1663 2065 1691 sive
2083 1664 2283 1692 cubiculariis
2300 1668 2327 1692 et

1359 1720 1492 1753 quatuor
1509 1716 1543 1744 de
1559 1716 1814 1744 culdeoestratoriis
1832 1716 1864 1744 in
1882 1716 1970 1744 curia
1987 1716 2092 1744 domni
2106 1725 2181 1754 pape
2197 1725 2327 1745 comme-

1360 1769 1451 1803 dant‚·
1472 1773 1514 1797 set
1538 1773 1637 1797 tamen
1662 1769 1690 1797 in
1717 1773 1803 1797 santo
1826 1768 1873 1797 die
1894 1768 1977 1797 Joois
1997 1773 2023 1796 et
2044 1769 2159 1797 Pascha
2176 1773 2202 1797 et
2221 1769 2328 1798 Natale

1360 1825 1387 1855 et
1403 1821 1525 1858 quando
1541 1821 1671 1850 domnus
1686 1830 1766 1858 papa
1788 1821 1903 1849 habebit
1926 1829 2055 1857 vreanum
2078 1830 2179 1850 omnes
2197 1821 2328 1858 predicti

1360 1874 1525 1903 scolenscns
1548 1875 1579 1903 in
1602 1875 1690 1903 curia
1716 1874 1822 1903 domni
1843 1883 1919 1911 pape
1942 1874 2130 1909 conmedantf
2158 1883 2208 1902 nec
2228 1874 2328 1903 alium

1360 1928 1407 1956 vel
1420 1927 1496 1956 alios
1511 1935 1609 1955 secum
1628 1927 1782 1955 adducant
1799 1935 1867 1955 cum
1881 1926 1939 1954 sibi
1956 1927 1989 1954 in
2002 1927 2185 1955 stationibus
2197 1927 2242 1955 vel
2255 1927 2329 1955 aliis

1358 1980 1577 2015 festivitatibus
1592 1983 1768 2008 consuetum
1783 1979 1946 2007 servitium
1962 1979 2141 2007 exhibebunt
2156 1983 2182 2007 et
2196 1983 2330 2015 quatuor

1360 2033 1394 2061 de
1417 2032 1676 2061 adde-stratoribus
1696 2036 1721 2060 el
1744 2035 1877 2068 quatuor
1897 2032 1966 2060 item
1988 2032 2184 2068 mappularcs
2199 2036 2224 2060 et
2244 2032 2329 2060 cubi-

1361 2086 1479 2114 culares
1500 2085 1647 2114 similiter
1668 2089 1693 2113 et
1718 2093 1778 2113 vnon
1799 2084 1904 2121 plures
1925 2084 2014 2112 semel
2036 2083 2238 2119 commodant,
2262 2084 2329 2113 sine

1360 2139 1489 2176 strepitu
1505 2139 1551 2167 vel
1567 2139 1703 2166 tumultu
1717 2145 1783 2166 cum
1802 2141 1971 2165 consecrato
1990 2141 2016 2165 et
2039 2137 2188 2165 benedicto
2203 2141 2229 2165 et
2244 2136 2329 2165 ordi-

1360 2196 1450 2227 nato,·
1475 2191 1596 2220 nullum
1620 2195 1722 2219 autem
1741 2190 1774 2218 in
1793 2194 1894 2218 nostra
1915 2190 2052 2218 socictate
2074 2190 2255 2226 recipiemus
2275 2190 2330 2226 qui

1360 2253 1419 2273 non
1437 2248 1547 2281 prestet
1569 2243 1731 2281 inprimis
1751 2243 1860 2271 domno
1876 2251 1952 2279 pape
1970 2250 2068 2270 coram
2092 2242 2261 2270 camerario
2276 2250 2331 2270 suo

1360 2297 1463 2325 simile
1475 2297 1712 2333 juramentum;
1733 2304 1834 2323 cerum
1852 2295 1878 2323 si
1896 2295 1965 2331 quis
1983 2294 2016 2322 (Ie
2032 2302 2098 2322 mea
2115 2294 2253 2322 societate
2268 2293 2330 2322 ali-

1362 2349 1437 2386 quid
1456 2349 1662 2386 predictorum
1681 2349 1851 2385 infringere
1868 2347 2079 2384 apteptaverit‚
2100 2346 2139 2375 ad
2160 2347 2330 2375 societatem

1361 2410 1462 2430 meam
1480 2402 1581 2439 ipsum
1608 2401 1642 2429 (lc
1666 2405 1759 2429 cetero
1777 2409 1833 2429 non
1856 2400 2019 2428 admittam
2032 2410 2042 2434 ,·
2068 2404 2094 2427 et
2118 2400 2145 2427 si
2170 2407 2230 2434 nos,
2251 2398 2330 2435 quod

1363 2455 1454 2490 absit,
1484 2458 1590 2483 contra
1614 2454 1666 2482 hoc
1698 2454 1799 2481 venire
1825 2453 2055 2490 tcptacerimus,
2082 2456 2183 2488 preter
2209 2455 2330 2480 reatum

1359 2507 1495 2545 perjurii
1506 2507 1603 2544 officia
1610 2515 1637 2534 m
1652 2507 1861 2543 istutjnorsus
1873 2505 2048 2533 amittatur.
2064 2505 2161 2539 Quam
2176 2502 2330 2532 cartulam

1361 2560 1485 2597 scripsit
1502 2560 1646 2597 Royerius
1663 2559 1766 2587 Obitus
1789 2557 1979 2586 scriniarius
1998 2557 2033 2585 in.
2057 2565 2156 2585 mense
2179 2560 2205 2584 et
2227 2555 2330 2584 indic-

1364 2614 1442 2642 tione
1458 2612 1670 2650 suprascripta
1685 2612 1716 2647 X,
1735 2611 1857 2648 sianum
1879 2613 1908 2644 θ
1926 2618 2038 2638 manus
2055 2618 2092 2638 ss.
2109 2609 2203 2645 hujtcs
2215 2607 2331 2637 cartule

1362 2667 1463 2703 rogati
1483 2666 1591 2694 Petrus
1615 2665 1648 2693 de
1671 2665 1802 2692 Romano
1826 2663 1954 2691 clericus
1976 2661 2075 2690 sancti
2100 2660 2200 2697 Scrgyii
2231 2660 2330 2694 testis,

1365 2719 1492 2748 Tliomas
1506 2717 1631 2747 Sumtus
1648 2717 1737 2751 testis,
1757 2716 1908 2745 Johannes
1923 2714 2035 2743 Matlzei
2052 2714 2144 2749 testis,
2161 2713 2332 2742 Damiaaus

1364 2772 1454 2807 testis,
1476 2771 1628 2800 Johannes
1642 2770 1845 2799 Sallorcntius
1862 2768 2050 2798 scriniarius
2067 2767 2157 2795 testis.

1397 2890 1490 2922 (Λαίνα
1508 2890 1607 2921 main.)
1625 2887 1751 2914 Basilius
1764 2886 1908 2913 «Iohannis
1921 2885 2022 2912 Nicole
2038 2884 2111 2911 civis
2128 2883 2334 2916 RomanusJu-

1365 2938 1434 2964 ravit
1449 2937 1573 2964 officium
1590 2936 1833 2971 mappula-lorum
1850 2933 2011 2960 seeundum
2034 2933 2154 2959 formam
2173 2929 2331 2966 jin-amenti

1366 2985 1556 3021 suprascripti
1581 2993 1646 3011 cum
1671 2986 1851 3010 sacramento
1875 2981 2019 3008 fidelitatis
2043 2981 2098 3007 sub
2119 2987 2193 3006 anno
2215 2977 2332 3004 Domini
