2434 3530
628 352 678 381 LE
701 353 846 382 LIBER
869 349 1102 382 CENSUUM
1128 349 1181 378 DE
1205 349 1391 380 L'EGLISE
1414 350 1623 380 ROMAINE.
2115 347 2173 378 295

121 427 196 449 vero
212 419 321 448 domni
343 428 419 457 pape
435 418 562 448 diaconi
579 417 759 448 cardinales
780 418 887 447 levant
899 419 922 438 ¹⁵
939 425 1083 446 mensam

121 472 159 501 de
175 471 280 507 altari,
298 477 327 501 et
345 471 463 501 nudato
477 471 569 500 altari
588 476 711 509 ponunt
728 480 796 500 eam
814 470 848 499 in
866 473 985 499 secreto
999 469 1083 505 loco;

122 529 153 556 et
174 525 322 555 extractis
348 525 471 554 duabus
499 524 651 563 ampullis
672 533 745 554 cum
769 523 929 561 sanguine
952 527 980 552 et
1004 531 1087 561 aqua

120 578 252 614 Christi,
268 577 453 616 cooperiunt
470 578 575 616 ipsum
592 576 692 607 altare
703 577 813 612 linteo,
829 581 859 606 et
871 581 938 614 post
955 575 1086 604 missam

121 640 176 670 per
193 635 329 669 quatuor
344 629 479 668 angulos
496 630 577 659 illud
593 628 763 666 sigillatur.
789 628 868 658 Cum
892 633 998 657 autem
1015 636 1086 666 pre-

121 684 198 714 fatio
220 683 402 718 inchoatur,
424 682 544 712 vadunt
565 681 692 711 diaconi
714 680 894 711 cardinales
915 689 988 710 cum
1010 680 1086 709 sub—

122 737 264 767 diaconis
283 741 313 767 et
332 735 457 766 acolitis
482 744 537 773 pro
560 733 712 772 ampullis
733 733 904 763 afferendis
926 733 965 762 ad
988 733 1085 762 bene-

122 789 314 824 dicendum,
347 788 535 827 p'recedente
560 796 668 823 cruce,
698 786 873 822 turribulo,
905 790 935 815 et
963 785 1087 815 dnobus

123 843 231 872 cereis.
251 842 399 871 Ceterum
415 845 588 878 antequam
605 839 727 868 dicatur
743 839 799 867 Per
811 848 897 876 quem
915 839 966 867 hec
982 840 1087 867 omnia

124 896 246 924 Domine
265 902 295 924 et
309 898 423 926 cetera.
442 892 583 931 pontifex
607 891 768 921 benedicit
789 891 894 921 oleum
918 899 972 929 pro
993 891 1086 920 infir-

123 948 196 981 mis,
212 948 292 976 sicut
308 947 342 976 in
357 946 471 976 ordine
486 946 679 975 continetur.
697 945 868 983 Postquam
884 953 957 974 vcro
971 945 1087 973 dixerit

122 1001 187 1030 Pam
212 1001 333 1029 Domini
359 1001 399 1028 sit
423 1008 539 1036 semper
564 999 731 1034 vobiscum,
760 998 976 1026 communicat
1001 997 1087 1026 solus

123 1053 262 1092 pontifex
282 1057 356 1081 ante
379 1051 493 1087 altare,
515 1054 542 1080 et
561 1050 716 1080 diaconus
730 1050 900 1080 confirmat
921 1059 993 1079 eum
1013 1058 1085 1078 enm

123 1105 222 1136 calice
233 1105 290 1135 illa
302 1104 522 1134 tantummodo
533 1104 597 1133 die.
609 1103 734 1133 Deinde
746 1103 837 1141 ponit
847 1103 978 1132 calicem
993 1111 1089 1140 super

123 1158 235 1196 altare,
266 1163 296 1188 et
319 1163 465 1197 patenam
486 1157 576 1195 juxta
599 1165 689 1191 eum,
716 1161 746 1185 et
771 1156 924 1185 continuo
951 1156 1089 1193 cooperit

123 1216 297 1250 utrumque
312 1210 351 1240 de
371 1210 507 1240 sindone
529 1209 650 1238 munda
669 1214 737 1247 post
756 1208 953 1247 corporalem
970 1217 1088 1246 expan-

124 1273 208 1294 sum.
227 1264 407 1302 Statimque
426 1263 489 1293 duo
503 1262 610 1292 acoliti
628 1265 737 1291 tenent
754 1261 912 1300 ampullas
928 1261 1090 1291 involutas

124 1327 198 1347 cum
222 1318 359 1347 sindone
379 1316 450 1346 albe
473 1317 574 1346 serice
598 1317 633 1345 in
661 1315 793 1345 sinistro
816 1315 961 1351 brachio,
991 1315 1035 1344 ita
1058 1319 1092 1344 ut

125 1370 229 1400 videri
247 1370 368 1408 possint
385 1378 403 1399 a
419 1369 537 1405 medio,
553 1373 583 1398 et
599 1368 734 1398 veniens
748 1377 832 1397 unus
849 1368 886 1397 de
900 1367 1092 1397 diaconibus

125 1423 239 1461 accipit
255 1431 350 1452 unam
368 1421 544 1460 ampullam
564 1421 602 1450 de
619 1420 762 1450 balsamo
778 1420 925 1457 mixtam,
945 1425 975 1450 et
991 1424 1093 1459 portat

125 1475 374 1512 archidiac0n03
393 1479 423 1504 et
437 1474 493 1504 ille
509 1473 611 1503 desert
624 1473 765 1511 pontifici
782 1477 856 1502 ante
873 1473 984 1502 altare.
1002 1473 1093 1502 'l‘unc

125 1528 266 1567 pontifex
284 1528 461 1566 respiciens
481 1527 519 1556 ad
536 1526 711 1561 orientem,
730 1525 864 1555 diacono
882 1530 1008 1555 tenente
1023 1534 1092 1554 am-

128 1580 247 1619 pullam
264 1585 338 1609 ante
354 1581 460 1618 ipsum
477 1580 509 1608 111
531 1579 663 1608 sinistro
678 1578 809 1607 brachio
824 1578 1004 1608 involutam
1023 1578 1092 1607 sin-

126 1633 226 1669 done,
250 1633 337 1662 halet
359 1637 405 1661 ter
425 1633 457 1661 iu
480 1631 671 1670 ampullam,
700 1636 730 1659 nt
755 1632 853 1660 intret
869 1630 903 1659 in
925 1639 1093 1661 consecra-

129 1686 248 1716 tionem
276 1685 446 1715 crismatiS.
472 1685 509 1714 Et
534 1684 612 1713 dicit
636 1684 758 1713 excelsa
785 1683 909 1722 [voce]³
933 1693 940 1712 τ
963 1683 1092 1713 Sursum

127 1740 220 1768 corda
232 1749 242 1774 ,·
266 1737 479 1776 respondetur
502 1749 508 1766 t
533 1738 681 1766 Habemus
708 1738 747 1765 ml
772 1737 945 1772 Dominum,
973 1737 1094 1766 Gratias

131 1801 260 1829 agamus
272 1796 348 1825 Βίας
363 1790 574 1828 respondetur
589 1798 594 1818 :
612 1790 741 1826 Diynnm
753 1794 823 1824 eto,
837 1789 919 1818 sicut
932 1789 964 1817 in
979 1789 1094 1818 ordine

129 1844 326 1874 continetur.
346 1842 510 1880 Completa
530 1842 721 1880 prefatione.
743 1841 902 1870 benedicit
916 1840 1091 1879 ampullam

129 1896 192 1927 olei
215 1895 354 1925 delatam
377 1895 490 1924 ordine
512 1903 574 1933 quo
597 1903 704 1932 supra,
727 1897 757 1923 et
780 1893 930 1923 similiter
949 1893 1035 1922 halat
1058 1894 1092 1922 in

129 1951 248 1988 ipsam,
275 1948 330 1977 sed
357 1948 459 1982 tacite,
483 1951 514 1976 et
536 1947 612 1976 dicit
635 1947 782 1976 Dominus
803 1947 972 1981 vobiscum,-
992 1946 1093 1976 oratio

129 2003 202 2031 Deus
217 2003 474 2031 incrementorum
491 2004 548 2029 etc.
571 2000 669 2029 Porro
686 1998 828 2038 ampulla
848 2008 909 2038 que
926 2008 998 2028 cum
1019 1999 1094 2028 cris-

130 2058 214 2084 mate
239 2058 287 2083 est
309 2054 414 2082 statim
441 2056 475 2082 ut
499 2052 666 2082 benedicta
682 2051 779 2081 suerit
802 2052 1000 2090 cooperiatur
1022 2056 1056 2081 ut
1077 2060 1095 2080 a

130 2108 261 2137 nemine
278 2107 443 2142 videatur3
463 2106 517 2135 sed
538 2105 674 2134 diacono
695 2109 833 2139 tenente,
855 2105 993 2134 domnus
1017 2113 1095 2143 papa

129 2160 247 2190 salutat
264 2168 333 2188 eam
354 2164 383 2188 et
403 2158 482 2187 dicit
499 2170 505 2187 :
526 2159 583 2187 Ave
599 2164 737 2187 sanctum
756 2159 880 2192 crisma,
900 2158 1000 2186 tribus
1018 2157 1096 2186 vici-

129 2213 201 2247 bus,
224 2216 253 2242 et
275 2211 437 2241 osculatur
454 2219 536 2240 eam.
558 2210 703 2240 Aeolitus
729 2219 803 2240 vero
828 2210 943 2248 recipit
966 2210 1093 2248 ampul-

130 2265 214 2301 lam3
241 2269 272 2293 et
296 2267 441 2298 tenente,
470 2271 581 2292 omnes
610 2272 664 2300 per
689 2262 835 2291 ordinem
863 2262 1003 2291 salutant
1024 2271 1094 2292 eam

132 2317 271 2355 nudam,
303 2321 366 2345 tam
393 2315 534 2353 episcopi
566 2323 661 2353 quam
694 2315 871 2354 presbyteri
898 2320 928 2344 et
954 2315 1090 2344 diaconi.

131 2370 257 2406 Quibus
280 2368 430 2406 expletis,
452 2367 590 2405 pontifex
611 2367 729 2396 ablutis
750 2368 900 2397 manibus
917 2369 1005 2397 venit
1021 2373 1095 2397 ante

132 2423 232 2452 altare
253 2425 283 2451 et
305 2420 524 2450 communicat
550 2419 702 2458 populum
728 2421 840 2450 ordine
863 2429 920 2450 sno
941 2425 971 2450 et
992 2426 1097 2450 servat

132 2475 171 2505 de
191 2478 301 2504 sancta
321 2474 354 2502 iu
379 2472 558 2502 crastinum
586 2472 620 2501 in
645 2473 818 2511 corporale.
845 2473 916 2511 Ipsa
943 2482 1016 2502 vero
1043 2473 1095 2502 die

132 2527 216 2558 scola
239 2535 312 2556 cum
338 2525 455 2555 ceteris
479 2533 576 2554 omne
596 2525 745 2554 divinum
771 2527 841 2555 sine
866 2534 986 2563 organo
1012 2527 1098 2555 canit

130 2580 285 2610 officinm.

174 2633 248 2670 [25]
265 2631 363 2660 Missa
377 2629 504 2659 tandem
517 2629 620 2664 finita,
634 2630 774 2668 pontifex
790 2630 923 2660 indutus
935 2640 1009 2660 cum
1020 2636 1100 2660 cete-

134 2686 177 2715 ris
192 2685 231 2713 ad
249 2683 404 2722 palatium
421 2682 456 2711 in
470 2681 600 2711 basilica
611 2683 712 2711 sancti
730 2683 896 2712 Laurentii
913 2683 1097 2718 revertitur,

135 2738 246 2776 ibique
267 2735 405 2775 expoliat
427 2743 460 2764 se
479 2743 581 2773 usque
601 2734 641 2763 ad
661 2734 886 2771 dalmaticam3
909 2738 937 2764 et
959 2727 1100 2773 apposita

134 2789 273 2820 clamide
294 2788 392 2817 rubea
410 2786 470 2824 ipsi
490 2786 530 2815 ad
551 2785 666 2815 collum
687 2786 784 2816 sedet.
808 2787 1008 2817 Cubicularii
1028 2796 1101 2817 vero

135 2846 249 2882 parant
266 2849 382 2879 aquam
398 2838 535 2868 calidam
556 2846 612 2876 pro
631 2838 801 2868 abluendis
818 2839 951 2877 pedibus
968 2839 1101 2869 subdia-

126 3015 152 3043 a)
168 3016 219 3037 Pro
235 3019 304 3036 voce
319 3013 381 3036 cod.
398 3012 496 3040 repetit
513 3010 633 3033 excelsa.

1206 424 1378 453 concrum,
1401 421 1430 446 et
1452 421 1575 455 ponunt
1599 417 1719 456 pelvem
1744 426 1849 447 coram
1872 426 1929 454 eo3
1956 421 1986 446 et
2011 416 2170 447 diaconus

1207 469 1380 499 cardinalis
1401 471 1455 508 qui
1478 471 1574 500 servit
1592 471 1619 500 ei
1638 471 1725 509 pouit
1745 471 1894 507 toaleam,
1913 480 2008 509 quam
2030 480 2172 500 camera·

1209 522 1277 551 rius
1299 522 1351 551 dat
1374 531 1429 560 pro
1451 523 1518 560 ipso
1540 524 1679 559 servitio,
1699 532 1794 562 snper
1816 533 1921 561 genua
1943 524 2052 554 domni
2078 533 2170 564 pape.

1212 575 1384 604 Duodecim
1404 580 1510 604 antem
1527 576 1713 605 subdiaconi
1730 585 1802 605 cum
1818 577 1922 615 priore
1939 582 2071 606 manent
2084 582 2173 607 extra

1208 627 1373 657 basilicam
1397 628 1591 664 discalciati;
1612 633 1641 658 et
1657 629 1738 658 scola
1758 629 1983 659 hostiariorum
2005 634 2035 659 et
2056 639 2171 668 mapu-

1209 680 1363 709 lariorum
1380 681 1541 719 accipiunt
1559 682 1694 719 priorem
1718 682 1846 711 basilice
1865 687 1894 711 et
1917 682 1995 712 alios
2019 683 2172 712 undecim

1209 732 1422 762 subdiaconos
1439 733 1470 762 in
1485 733 1571 762 ulnis
1585 735 1665 769 snis;
1685 734 1796 772 sicque
1815 744 1868 773 per
1884 735 2030 764 ordinem
2047 738 2173 774 portant

1209 793 1263 814 eos
1281 794 1381 814 uuum
1401 791 1467 823 post
1488 786 1586 815 alium
1606 790 1678 816 ante
1701 787 1857 817 domnum
1876 796 1999 826 papam.
2024 788 2170 818 Pontifex

1209 841 1327 873 autem,
1349 838 1487 868 domnus
1510 847 1586 877 papa
1610 839 1771 875 videlicet,
1791 839 1875 869 lavat
1893 840 1984 878 pedes
2002 849 2124 874 eorum,
2142 844 2174 870 et

1211 891 1305 928 tergit
1332 900 1404 920 cnm
1436 891 1537 921 linteo
1567 897 1596 921 et
1632 892 1833 930 postmodum
1865 893 2026 923 osculatur
2061 897 2091 922 et
2119 893 2174 922 dat

1211 943 1385 981 unicuique
1401 943 1480 973 dnos
1500 944 1617 974 solidos
1635 944 1841 974 denariorum
1860 946 2073 983 papiensium.

1217 1049 1320 1087 [xit]
1340 1050 1490 1083 Quomodo
1507 1050 1595 1079 detur
1611 1051 1830 1087 presbyterium
1848 1052 1878 1079 in
1898 1051 1974 1079 Cena
1994 1052 2128 1080 Domini.

1250 1155 1324 1191 [Ὗς.
1353 1155 1444 1183 Prior
1466 1163 1540 1184 vero
1559 1154 1690 1184 basilice
1709 1156 1887 1185 secundum
1908 1157 2175 1187 consuetudinem

1211 1207 1377 1245 antiquam
1391 1207 1628 1236 marabotinum
1645 1216 1745 1236 unum
1759 1208 1852 1237 debet
1864 1208 1980 1238 habore
1997 1210 2066 1238 sine
2082 1209 2178 1239 dena-

1212 1260 1279 1289 riis.
1299 1260 1433 1289 Interim
1454 1260 1655 1298 primicerius
1669 1269 1740 1289 cum
1756 1262 1940 1290 cantoribus
1957 1266 1986 1291 et
2001 1262 2073 1291 aliis
2090 1263 2176 1292 ordi—

1214 1314 1311 1342 nibus
1331 1317 1461 1343 cantant
1483 1322 1666 1351 vesperum,
1689 1322 1752 1352 quo
1772 1314 1864 1344 finito
1885 1319 2013 1343 cantant
2034 1316 2179 1346 Dominus

1212 1367 1296 1395 Jesus
1305 1372 1463 1403 postquam
1477 1367 1607 1395 cenarit.
1623 1365 1685 1395 Sed
1698 1366 1772 1395 dum
1786 1366 1845 1395 ista
1857 1372 2024 1403 geruntur⁷
2036 1368 2178 1406 pontifex

1215 1428 1362 1448 summus
1379 1419 1614 1457 presbyterium
1634 1419 1676 1448 ita
1692 1418 1840 1456 largitur.
1859 1420 2044 1458 Unicuique
2059 1421 2179 1459 episco-

1215 1481 1328 1510 porum
1352 1472 1495 1502 Romane
1517 1471 1674 1502 ecclesie³
1703 1472 1783 1502 duos
1811 1473 2026 1502 marabotinos
2051 1478 2081 1503 et
2101 1474 2180 1504 duos

1215 1525 1332 1555 solidos
1343 1524 1550 1555 denariorum
1563 1525 1775 1563 papiensium.
1791 1525 1823 1555 Si
1833 1525 1913 1555 forte
1922 1526 2180 1565 archiepiscopus

1215 1578 1394 1613 interesset,
1409 1578 1620 1607 tantumdem.
1636 1578 1821 1616 Unicuique
1833 1579 2052 1617 episcoporum
2070 1579 2179 1609 foren-

1215 1630 1301 1673 sium
1331 1634 1361 1659 et
1388 1630 1648 1668 presbyterorum
1677 1630 1892 1660 cardinalium
1917 1638 1947 1660 et
1970 1631 2179 1662 diaconorum

1215 1682 1431 1712 cardinalium
1455 1691 1556 1711 unum
1581 1683 1817 1712 marabotinum
1840 1687 1870 1713 et
1892 1683 2060 1713 duodecim
2077 1684 2178 1714 dena·-

1214 1735 1280 1765 rios
1296 1735 1473 1774 papienses.
1489 1735 1701 1765 Primicerius
1713 1736 1806 1765 debet
1821 1735 1939 1766 habere
1955 1746 2056 1766 unum
2073 1746 2179 1767 mara-

1214 1789 1363 1818 botinum
1389 1789 1459 1817 siue
1483 1788 1643 1824 denariis,
1666 1788 1802 1827 quisque
1825 1794 1992 1819 cantorum
2009 1790 2178 1820 duodecim

1215 1841 1363 1870 denarios
1391 1841 1569 1880 papienses.
1601 1841 1639 1870 Et
1669 1841 1864 1877 notandum,
1896 1842 1981 1880 quod
2008 1852 2066 1872 1100
2094 1843 2180 1873 scola

1215 1894 1340 1930 Crucis,
1361 1903 1418 1923 nec
1438 1894 1574 1924 clericus
1594 1893 1676 1923 alius
1696 1894 1745 1924 vel
1763 1894 1864 1925 laicus
1885 1895 1995 1925 eadem
2012 1896 2065 1926 die
2085 1896 2180 1926 habet

1214 1947 1464 1985 presbyterium.
1482 1947 1595 1976 Manus
1608 1946 1622 1966 b
1636 1947 1746 1983 etiam,
1762 1947 1795 1976 id
1809 1952 1855 1977 est
1871 1949 2040 1986 prioratus.
2055 1949 2180 1979 nemini

1216 2001 1318 2029 datur.
1343 2000 1378 2029 ln
1395 2000 1479 2029 exitu
1501 2004 1607 2028 autem
1626 2000 1757 2029 basilice
1781 2001 1819 2029 de
1837 2006 1964 2039 accepto
1986 2001 2181 2040 presbyterio

1212 2053 1406 2091 janitoribus
1418 2058 1448 2082 et
1463 2053 1670 2082 cubiculariis
1685 2053 1764 2083 duos
1777 2053 1926 2082 denarios
1943 2054 2108 2092 papienses
2126 2064 2181 2093 pro

1219 2114 1411 2144 unoquoque
1441 2105 1559 2141 solido,
1587 2106 1727 2144 exceptis
1752 2106 1908 2143 prioribus
1935 2107 1989 2145 qui
2017 2115 2078 2136 non
2106 2107 2183 2136 dant

1216 2158 1352 2196 aliquid,
1371 2158 1508 2196 quisque
1524 2158 1670 2196 largitur.

1271 2211 1332 2248 27}
1350 2211 1466 2249 Sicque
1482 2211 1621 2240 domnus
1642 2220 1719 2248 papa
1736 2220 1807 2240 cum
1825 2211 1895 2240 aliis
1912 2213 2061 2241 omnibus
2075 2221 2182 2251 supra-

1218 2264 1311 2293 dictis
1331 2263 1416 2292 vadit
1434 2263 1567 2292 indutus
1585 2263 1622 2291 ad
1643 2263 1843 2292 basilicam¹⁶
1857 2264 2025 2301 Zacharie,
2044 2274 2106 2303 que
2124 2266 2184 2294 Pa-

1219 2318 1339 2346 netaria
1364 2316 1476 2345 diebus
1500 2315 1563 2344 hiis
1587 2322 1809 2353 nuncupatum
1831 2316 1940 2354 ibique
1958 2317 2090 2347 indutus
2111 2327 2183 2347 cum

1218 2369 1389 2398 dalmatica
1406 2374 1435 2398 et
1451 2368 1595 2406 pluviali,
1609 2369 1719 2397 sedent
1735 2369 1907 2398 ordinatim
1922 2378 1993 2399 cum
2013 2371 2129 2404 mitris,
2143 2371 2186 2400 la-

1220 2427 1329 2451 vantes
1346 2430 1462 2450 manus
1477 2430 1571 2459 supra
1588 2430 1743 2454 mensam,
1764 2422 1845 2450 sicut
1863 2422 1960 2451 moris
1979 2427 2034 2451 est.
2058 2423 2119 2452 Sed
2135 2423 2187 2453 do-

1221 2484 1316 2504 mnus
1333 2483 1412 2512 papa
1428 2473 1513 2503 solus
1533 2478 1579 2502 est
1604 2474 1638 2502 in
1664 2482 1786 2504 mensa.
1812 2474 2080 2513 Arcbiepiscopus
2099 2485 2185 2511 vero,

1221 2527 1249 2556 si
1267 2527 1404 2562 affuerit,
1421 2527 1513 2556 debet
1529 2535 1564 2556 ex
1582 2535 1648 2555 uuo
1666 2526 1762 2555 latere
1780 2527 1904 2564 primus
1921 2527 2049 2562 sedere;
2069 2528 2188 2558 deinde

1221 2579 1360 2618 episcopi
1382 2583 1412 2608 et
1434 2579 1613 2617 presbyteri
1635 2579 1816 2608 cardinales
1837 2588 1872 2608 ex
1897 2579 1958 2608 alio
1981 2579 2096 2616 latere;
2117 2581 2186 2610 dia-

1221 2633 1292 2663 coni
1306 2631 1484 2661 cardinales
1497 2640 1569 2661 cum
1583 2631 1766 2669 primicerio
1782 2640 1817 2660 ex
1835 2632 1898 2661 alio
1916 2632 2023 2661 latere.
2044 2633 2187 2663 Aeolitus

1222 2690 1421 2723 representat
1447 2684 1578 2717 librum,
1605 2688 1636 2713 et
1663 2685 1768 2713 minor
1795 2684 1950 2714 diaconus
1977 2684 2056 2722 legit
2078 2695 2188 2715 versus

1224 2738 1301 2767 duos
1325 2737 1365 2766 ad
1391 2745 1547 2766 mensam.
1584 2736 1786 2765 Comestione
1812 2737 1920 2774 finita,
1946 2737 2085 2767 domnus
2109 2747 2190 2777 papa

1224 2791 1322 2819 intrat
1356 2797 1534 2824 cameram3
1567 2789 1612 2817 ibi
1645 2789 1861 2818 incontinenti
1892 2789 1968 2818 facit
1999 2790 2190 2820 mandatum

1217 2966 1242 2995 a)
1257 2966 1375 2990 ecclesia
1391 2967 1452 2990 cod.

1219 3010 1244 3039 b)
1258 3012 1292 3033 In
1309 3011 1438 3040 margine
1454 3016 1492 3033 m.
1507 3012 1579 3038 post.
1596 3018 1602 3032 .·
1619 3009 1650 3032 In
1666 3009 1711 3033 die
1727 3010 1802 3034 Cone
1818 3017 1873 3034 non
1889 3011 1969 3035 datur
1985 3019 2089 3036 manus.
