2434 3530
652 324 702 352 LE
726 324 869 354 LIBER
892 322 1126 354 CENSUUM
1149 323 1204 352 DE
1227 313 1413 354 L'IZGLISE
1436 324 1644 355 ROMAINE.
2133 328 2187 358 341

145 389 312 419 venerabili
333 388 441 417 domno
462 397 541 426 papa
565 389 748 424 Innocentio,
768 398 858 424 anno,
878 398 986 425 mense,
1011 390 1109 418 indic-

146 443 224 471 tione
239 446 266 470 et
281 441 328 470 die
343 441 572 478 suprascriptis.

182 495 236 524 Hii
248 499 319 523 sunt
332 495 432 531 royati
447 499 529 524 testes
543 504 552 521 .·
569 500 593 525 ›1‹
604 497 628 521 ›1‹
638 497 663 521 ὦ
678 495 830 523 Johannes
843 495 948 523 domni
959 495 1108 523 Palmerii

144 547 231 575 miles
244 547 400 577 Ferentini
417 550 506 584 testis,
525 550 688 586 Royaerius
703 549 800 583 frater
820 547 926 576 domni
943 547 1110 576 camerarii

145 600 235 635 testis,
261 600 437 629 Tholomeus
456 601 606 630 Ambrosii
624 601 711 629 miles
730 600 887 628 Ferentini
907 600 997 634 testis,
1020 600 1109 628 Tras-

143 653 279 681 mundus
298 654 409 682 Manioi
431 654 533 682 Drilro
549 653 583 690 (?)
607 653 693 681 miles
707 653 864 681 Ferentini
880 653 972 685 testis,
992 652 1107 680 Sanson

144 704 231 733 miles
261 705 385 734 Ceccani
415 706 504 740 testis,
538 705 686 734 Vivianus
713 705 812 733 sancti
841 704 985 732 Germani
1016 705 1104 739 testis,

143 757 244 786 Lando
259 758 455 786 consobrinus
471 757 577 786 domni
591 757 757 786 camerarii
776 757 867 785 testis.

182 810 242 847 Eyo
258 810 399 838 Robertus
419 810 543 839 Setinus
561 814 661 838 sancte
682 809 812 837 Romane
832 809 948 838 ecclesie
964 809 1062 845 judea:
1083 813 1109 837 et

143 862 299 896 notarius,
327 861 472 890 mandato
500 861 680 890 venerabilis
705 861 810 890 domni
834 862 1006 890 innocentii
1034 869 1110 898 pape

145 915 242 950 tertii,
264 915 387 952 eJ'usque
411 914 578 943 camerarii
595 914 701 942 domni
716 913 862 951 Stephani
883 914 916 942 cle
939 914 1109 942 Fossanooa

143 967 321 1004 supradicta
336 967 467 1003 fideliter
481 966 597 995 scribsi.

105 1130 222 1161 LXVI.
240 1146 278 1151 —
291 1131 339 1160 DE
355 1137 452 1160 censu
465 1133 472 1149 ¹
487 1138 507 1158 x
520 1138 692 1159 MARGARUM
708 1137 787 1163 QUAS
803 1138 842 1159 DE
857 1138 972 1160 TERTIO
988 1139 1018 1160 m
1032 1139 1109 1160 ΤΕΒ-

143 1192 222 1214 TmM
241 1192 352 1213 ANNUM
374 1191 519 1212 sccmsm
543 1183 679 1212 ROMANE
702 1191 802 1212 mmm
831 1191 969 1213 somene
990 1192 1050 1213 nux
1072 1193 1110 1213 ne

142 1236 249 1267 Csms.

181 1342 335 1371 Honorius
356 1346 382 1370 et
402 1346 507 1370 cetera.
526 1340 636 1370 Dilecto
651 1340 716 1377 filio
735 1341 829 1370 nobili
843 1341 911 1370 viro
932 1341 1111 1370 Wlodislavo

143 1395 215 1424 duci
233 1394 267 1423 de
288 1394 369 1424 Calis
391 1394 520 1423 salutem
538 1398 564 1422 et
579 1393 775 1431 apostolicam
791 1394 1036 1423 benedictionem.
1054 1393 1110 1423 Sa-

143 1452 298 1477 crosancta
313 1447 447 1475 Romana
461 1447 583 1476 ecclesia
596 1451 622 1475 et
635 1451 743 1475 cetera.
755 1447 798 1475 Ea
809 1452 940 1484 propter,
958 1447 1062 1476 dilecte
1076 1448 1112 1476 in

144 1500 269 1528 Domino
276 1499 332 1536 fiti,
347 1500 508 1536 tuisjustis
516 1499 772 1536 postulationibus
781 1500 936 1535 inclinati,
949 1508 1111 1537 personam

145 1557 240 1588 tuam,
262 1556 384 1587 terram,
405 1552 552 1587 nomines,
568 1552 773 1589 possessiones,
791 1556 818 1580 et
834 1552 897 1580 alia
913 1553 988 1581 bona
1006 1561 1062 1589 que
1079 1553 1112 1581 in

143 1605 370 1642 presentiarum
404 1605 632 1633 rationabiliter
657 1605 790 1641 possides
820 1610 874 1633 aut
905 1606 937 1634 in
966 1606 1111 1640 futurum

138 1658 236 1694 j=ustis
251 1657 349 1686 modis
364 1662 518 1694 prestante
533 1658 660 1686 Domino
673 1658 787 1694 poteris
803 1658 946 1694 adipisci,
965 1658 1019 1686 sub
1034 1658 1111 1686 beati

144 1710 227 1740 Petri
242 1715 269 1739 et
285 1715 387 1739 nostra
401 1711 583 1748 protectione
600 1711 786 1748 suscipimus
802 1715 828 1738 et
840 1711 990 1747 presentis
1004 1711 1111 1748 scripti

141 1764 315 1801 patrocinio
335 1763 583 1798 conmnunimus,
596 1763 769 1792 districtius
786 1763 952 1791 inhibentes
970 1772 1006 1792 ne
1024 1772 1110 1792 eene-

144 1817 253 1845 rabilis
269 1814 367 1851 frater
382 1820 482 1844 noster
504 1815 686 1852 Gnegynensis
706 1815 949 1852 archiepiscopus
966 1816 999 1844 ¹in
1021 1820 1054 1851 te„
1066 1816 1112 1845 vel

147 1873 261 1898 terram
283 1873 365 1896 tuam
390 1868 499 1904 absque
523 1868 686 1903 'manifesta
708 1872 734 1895 et
763 1867 940 1896 rationabili
967 1876 1059 1896 eausa
1085 1872 1112 1896 et

144 1921 312 1950 monitione
331 1920 482 1958 premissa
501 1920 683 1948 sententiam
701 1920 1026 1948 excommunicationis
1038 1928 1111 1957 pro-

144 1974 269 2010 mulget.
284 1973 328 2001 Aa
340 1973 494 2001 indicium
510 1977 612 2000 autem
623 1972 717 2009 hujus
726 1981 744 2000 a
759 1972 841 2000 nobis
851 1976 983 2009 preeepte
995 1977 1111 2009 protec-

146 2027 238 2056 tionis
262 2034 383 2055 censum
405 2025 503 2054 decem.
524 2033 702 2054 marcarum
723 2025 797 2053 auri
818 2033 893 2060 quas
915 2025 949 2053 de
968 2025 1056 2053 tertio
1080 2026 1112 2054 in

146 2079 272 2108 tertium
289 2087 407 2107 annum
428 2082 453 2106 te
465 2077 640 2115 promisisti
656 2077 824 2105 liberaliter
840 2077 1015 2105 soluturum
1030 2078 1112 2106 nobis

145 2136 172 2161 et
187 2129 404 2161 successoribus
419 2131 532 2159 nostris
546 2131 707 2167 persolves
728 2130 815 2158 Nulli
832 2138 900 2166 erqo
919 2130 1043 2158 omnino
1058 2131 1112 2159 ho-

144 2186 268 2214 minum
280 2185 366 2213 liceat
379 2185 458 2212 hanc
471 2188 569 2212 nostre
577 2183 773 2220 protectionis
783 2187 809 2211 et
819 2183 1015 2212 inhibitionis
1023 2184 1113 2221 payi-

147 2246 219 2267 nam
237 2238 405 2274 infringere
421 2241 447 2265 et
463 2241 568 2265 cetera.
586 2236 620 2265 Si
636 2236 705 2272 quis
717 2240 817 2264 autem
836 2240 862 2264 et
878 2240 984 2265 cetera.
1003 2237 1114 2265 Datum

145 2290 298 2324 Laterani,
314 2289 412 2318 Vidus
421 2288 581 2324 februarii,
593 2288 790 2326 pontificatus
802 2289 898 2316 nostri
910 2289 1110 2325 annoprimo.

108 2453 243 2483 LXVII.
268 2469 306 2474 —
328 2452 608 2481 Ιπηέτιιυιιιῐςικιτι·υιιι2
629 2450 855 2481 SALIMGUERRE
874 2460 912 2480 m:
929 2459 1114 2481 mmmmm

146 2632 171 2658 1.
187 2631 203 2658 9
219 2630 323 2657 fevrier
341 2629 419 2656 1217.
439 2628 581 2661 Potthast,
599 2635 630 2654 11⁰
645 2628 732 2660 5452;
749 2628 898 2662 Muratori,
913 2632 934 2656 t.
951 2628 986 2660 V,
999 2638 1027 2664 p.
1046 2629 1114 2661 835;

109 2679 266 2710 Pressutti,
282 2679 344 2711 Περ.
361 2677 430 2704 Ηοη.
447 2677 496 2710 ΙΙΙ,
514 2683 545 2702 n⁰
561 2676 628 2710 324;
643 2675 777 2707 Theiner,
795 2677 866 2703 Μοη.
884 2678 952 2709 Pol„
969 2680 989 2703 t.
1006 2677 1028 2709 Ι,
1047 2685 1077 2704 nu
1089 2678 1114 2710 3,

108 2726 223 2761 d‘apres
237 2726 264 2752 le
279 2725 413 2759 registi-e.
428 2740 464 2745 —
484 2724 632 2751 Honorius
651 2723 694 2750 111
716 2724 806 2759 prend
821 2732 893 2751 sous
907 2733 939 2752 sa
954 2726 1116 2760 protection

109 2773 273 2800 Wtadislas
290 2772 408 2804 leacz,
426 2772 482 2798 duc
498 2772 533 2798 de
549 2771 647 2798 Kalisz
663 2775 692 2798 et
706 2772 741 2798 de
757 2771 1028 2807 Grande-Pologne‚
1047 2781 1117 2800 con-

110 2825 155 2848 tre
171 2822 213 2847 les
234 2819 533 2848 excommunications
553 2819 588 2846 de
610 2820 808 2853 l'archeveque
823 2819 858 2846 de
874 2820 1000 2847 Gnesen.
1016 2820 1058 2848 Cf.
1075 2822 1116 2848 ci-

108 2868 227 2901 dessus,
243 2877 271 2903 p.
290 2868 348 2895 15¹.

145 2917 173 2943 2.
190 2916 285 2951 Carpi,
302 2916 317 2942 7
334 2915 498 2950 septembre
520 2915 598 2943 1215.
618 2929 654 2935 —
675 2915 809 2947 Theiner,
834 2920 864 2941 ηο
887 2915 937 2947 59;
960 2916 996 2942 cf.
1021 2921 1052 2942 n⁰
1071 2916 1116 2943 65.

110 2964 246 2992 Sei-ment
260 2963 295 2990 de
310 2963 417 2990 fidelite
431 2963 512 2998 prete
527 2971 578 2998 par
593 2963 757 2997 Sanguen-a
772 2962 807 2989 de
824 2962 951 2995 Ferrare,
969 2964 1064 2990 vassal
1079 2963 1117 2991 du

1230 398 1424 419 FIDELtTA'rIS
1450 401 1487 420 AB
1513 400 1550 421 EO
1572 400 1740 428 PRESTtTO,
1768 402 1864 423 cssNSU
1890 403 1926 423 XL
1951 404 2122 425 MARcAnUM
2151 405 2189 425 ET

1228 450 1371 471 SERVITIO
1388 452 1418 471 IN
1434 452 1546 476 QUIBUS
1563 453 1704 474 ECCLESIE
1721 445 1854 475 ROMANR
1870 455 2028 476 TENETUR.

1267 548 1353 575 Anno
1368 556 1384 575 a
1403 549 1563 576 nativitate
1578 549 1695 577 domini
1713 551 1808 577 nostri
1825 552 1910 579 [hesit
1929 552 2043 580 Christi
2055 553 2184 587 MCCXV,

1228 598 1394 627 indictione
1409 600 1464 634 III,
1481 605 1608 638 tempore
1621 602 1726 630 domni
1737 603 1906 631 Innocentii
1919 613 1993 640 pape
2008 605 2098 639 tertii,
2112 614 2189 642 pon-

1231 652 1363 687 tificatus
1381 653 1444 688 ejus
1464 661 1545 681 anno
1566 654 1792 688 octavodecimo,
1812 655 1859 683 (lie
1876 656 1966 691 Lune,
1988 658 2094 693 rirjilia
2111 658 2190 686 beate

1228 703 1332 737 Marie,
1350 705 1475 740 septimo
1489 705 1625 733 intrante
1640 714 1736 734 mense
1748 708 1928 743 smptembris,
1951 709 1979 736 in
1996 710 2147 745 presentia
2163 715 2189 738 et

1231 757 1400 784 testimonio
1424 762 1595 793 royatorum
1624 759 1742 786 testium
1767 760 2046 797 infrascriptorum.
2074 762 2107 789 In
2136 770 2189 790 no-

1230 809 1311 836 mine
1333 809 1464 843 Domini,
1487 818 1586 838 amen.
1611 810 1670 847 liqo
1691 810 1906 847 Sallenyuerra
1929 812 1963 840 tle
1988 813 2132 841 Ferraria
2155 814 2190 841 ab

1229 860 1284 888 hac
1296 860 1371 888 hora
1386 861 1416 889 in
1431 866 1518 889 antea
1533 870 1582 889 ero
1592 862 1690 898 [idelis
1707 863 1784 890 vobis
1798 863 1920 892 domino
1934 874 1995 892 meo
2006 874 2081 901 pape
2096 865 2190 893 Inno-

1229 913 1512 950 centio-vestrisque
1533 914 1690 942 catholicis
1712 916 1926 943 successoribus
1949 921 1974 944 et
1997 917 2112 945 ecclesie
2135 918 2190 945 no-

1230 974 1327 993 mane.
1346 966 1409 993 Non
1426 974 1475 994 ero
1486 966 1517 994 in
1535 967 1612 1001 sacto
1631 967 1674 995 rel
1686 968 1811 995 consilio
1829 968 1872 995 cel
1887 977 2028 997 consensu
2048 974 2079 997 ut
2094 970 2191 998 vitam

1230 1018 1276 1046 vel
1304 1019 1469 1046 membrum
1494 1018 1630 1055 perdatis
1658 1024 1711 1047 aut
1742 1020 1822 1048 mala
1849 1021 2019 1057 capiamini
2043 1023 2190 1059 captione.

1235 1071 1368 1098 Vestrum
1394 1075 1506 1098 certum
1531 1072 1649 1099 malum
1670 1072 1696 1099 si
1722 1073 1835 1101 scivero
1853 1082 1907 1109 pro
1928 1082 2009 1110 posse
2030 1083 2093 1102 meo
2115 1074 2190 1102 dili-

1229 1127 1332 1159 qenter
1349 1123 1522 1159 impediam.
1539 1123 1621 1157 Quod
1633 1124 1659 1151 si
1671 1132 1729 1152 non
1741 1129 1841 1161 potero
1859 1126 2002 1162 impedire
2017 1126 2192 1162 siynificabo

1230 1175 1311 1203 illud
1329 1175 1408 1203 oobis
1424 1180 1477 1203 aut
1495 1176 1550 1203 tali
1562 1184 1685 1212 persone
1701 1185 1791 1213 quam
1809 1178 1925 1205 credam
1946 1179 2024 1207 cobis
2041 1188 2096 1215 pro
2115 1184 2192 1208 certo

1230 1227 1396 1255 dicturam..
1414 1227 1580 1256 Consilium
1597 1228 1675 1264 quod
1693 1228 1785 1257 michi
1799 1229 1989 1258 credideritis
2004 1231 2042 1258 ad
2061 1235 2192 1259 cestrum

1231 1279 1402 1316 dampnum
1420 1288 1465 1307 ¹me
1485 1281 1593 1308 sciente
1614 1281 1732 1308 nemini
1750 1281 1896 1317 pandam.
1921 1282 2069 1318 Papatum
2085 1283 2192 1311 Roma-

1232 1340 1308 1360 num
1324 1336 1350 1360 et
1365 1332 1481 1368 regalia
1495 1333 1572 1360 beati
1589 1333 1863 1372 Petri,specialiter
1876 1334 1995 1370 quidem
2010 1339 2101 1362 totum
2115 1335 2193 1371 quod

1232 1384 1328 1412 michi
1354 1385 1539 1413 concessistis
1565 1385 1599 1413 in
1620 1385 1745 1420 feudum
1771 1385 1805 1413 tle
1833 1390 1911 1414 terra
1938 1386 2088 1422 quondam
2114 1387 2194 1415 clare

1234 1438 1375 1465 memorie
1391 1437 1540 1466 comitisse
1556 1437 1704 1472 Matiltiis,
1726 1438 1862 1466 videlicet
1878 1438 2057 1467 Medicinam
2075 1443 2101 1467 et
2118 1439 2194 1467 (luas

1230 1494 1332 1527 partes
1357 1491 1506 1527 Aryciate,
1540 1490 1818 1519 lllombaronzonem
1851 1499 1917 1519 cum
1946 1491 2066 1528 plebatu
2095 1496 2194 1520 sancte

1232 1543 1340 1578 Marie,
1363 1543 1508 1580 Carpum,
1532 1543 1744 1580 Carpenetum,
1768 1544 1982 1579 Besinantum,
2001 1544 2188 1579 Jtandriam,

1231 1596 1447 1631 Bibianellum‚
1463 1597 1601 1625 Castrum
1615 1596 1737 1631 Ariani,
1757 1596 1961 1631 Fordondum,
1978 1597 2096 1632 Mozole‚
2118 1597 2194 1626 Bon-

1232 1648 1342 1677 denum
1368 1648 1518 1682 Arcluini,
1538 1649 1759 1685 Pig'juynayiam
1779 1657 1845 1677 eum
1872 1649 2024 1677 universis
2047 1650 2145 1678 curiis
2167 1654 2192 1678 et

1229 1701 1437 1738 pertinentiis,
1451 1701 1577 1737 juribus
1595 1710 1628 1729 ac
1650 1701 1813 1730 honoribus
1832 1702 1969 1729 omnium
1986 1702 2190 1738 predictorum

1231 1759 1399 1783 castrorum
1412 1758 1438 1782 et
1454 1754 1597 1788 locorum,
1616 1759 1641 1782 et
1655 1759 1762 1782 cuncta
1773 1755 1849 1790 jura
1866 1759 1891 1782 et
1908 1755 2052 1789 redditus,
2073 1764 2194 1792 respon-

1231 1807 1340 1842 siones,
1351 1806 1584 1843 jurisdictiones
1599 1810 1624 1834 et
1640 1806 1773 1841 honores,
1797 1814 1868 1834 usus
1882 1811 1908 1834 et
1924 1807 2119 1842 alberyarias,
2137 1816 2193 1843 que

1231 1863 1302 1887 sant
1314 1859 1388 1887 dicti
1399 1858 1518 1895 poderis
1526 1859 1641 1895 prefate
1656 1858 1804 1886 comitisse
1814 1858 1949 1886 Matilclis
1960 1858 2027 1887 ciii-e
2038 1860 2190 1888 memorie.

1231 1912 1266 1940 In
1281 1911 1342 1939 hiis
1353 1911 1424 1939 locis
1438 1911 1500 1939 sive
1509 1910 1705 1947 pertinentiis
1719 1910 1853 1938 videlicet
1871 1911 1900 1939 in
1918 1910 2053 1945 SaMono,
2074 1911 2191 1946 Gazolo,

1233 1964 1410 2001 Belleyaria,
1423 1964 1594 1998 Biolotorta,
1607 1964 1774 1998 Dinazano,
1787 1963 1888 1992 Casale
1904 1964 2020 1999 Jtaqno,
2031 1964 2132 1993 Casale
2144 1964 2195 1992 Zi-

1232 2024 1336 2053 qoyno,
1355 2016 1502 2052 Treyasso,
1518 2015 1687 2052 Preynano,
1704 2015 1846 2049 Caviano,
1867 2015 2054 2050 Runchaliis,
2067 2016 2191 2050 Planzo,

1236 2069 1338 2098 Castro
1364 2068 1493 2097 Canusio
1513 2068 1635 2104 ejusque
1655 2068 1758 2102 curia,
1782 2068 1929 2102 Fontann,
1960 2068 2193 2104 Campoyaiano,

1235 2126 1337 2150 sancto
1349 2121 1481 2150 Martino
1495 2121 1528 2149 de
1538 2121 1601 2155 Rio,
1614 2120 1783 2155 Susciliolo,
1803 2120 1922 2155 Pradis,
1943 2120 2094 2156 Correyia,
2109 2120 2191 2155 Fosa,

1236 2175 1375 2209 Canulis,
1394 2174 1572 2208 Miliarina‚
1594 2173 1790 2209 Guiyatellis,
1810 2173 1940 2207 Fosulis,
1962 2172 2123 2207 Budriono,
2143 2173 2197 2201 So-

1236 2228 1324 2263 leria,
1341 2231 1367 2255 et
1382 2227 1413 2254 in
1433 2231 1490 2255 toto
1501 2226 1631 2263 pondere
1647 2225 1799 2263 quondam
1817 2225 2066 2253 Cat-alcacomitis
2077 2234 2110 2253 ac
2125 2225 2197 2252 uni-

1235 2288 1320 2309 verso
1342 2279 1438 2308 Ymole
1453 2280 1612 2315 comitatu,
1628 2283 1654 2307 et
1672 2279 1705 2306 in
1723 2283 1780 2307 toto
1795 2286 1826 2306 eo
1841 2277 1919 2314 qnod
1935 2282 1975 2306 est
1990 2278 2199 2314 prenominati

1233 2332 1354 2370 poderis
1382 2332 1415 2360 in
1448 2332 1619 2369 episcopatu
1642 2331 1837 2364 Bononiensi,
1867 2330 2045 2365 Mutinensi,
2076 2330 2197 2366 Reyino,

1235 2385 1410 2419 Parmensi,
1430 2385 1592 2421 ceterisque
1612 2384 1685 2412 aliis
1701 2383 1935 2420 episcopatibus,
1958 2382 2081 2418 adjutor
2095 2390 2144 2410 ero
2160 2382 2199 2410 ad

1235 2437 1431 2466 retinendum
1456 2442 1483 2465 et
1503 2437 1542 2465 ad
1562 2436 1778 2472 defendendum
1805 2444 1860 2472 que
1885 2435 1984 2468 habet,
2008 2439 2034 2463 et
2061 2443 2116 2471 que
2139 2444 2199 2463 non.

1236 2490 1321 2518 habet
1336 2489 1374 2518 ad
1387 2489 1642 2526 recuperandum,
1657 2493 1761 2516 etcum
1778 2491 1951 2524 recuperata
1963 2487 2081 2521 suerint
2096 2487 2135 2515 ad
2152 2496 2198 2515 re-

1237 2542 1397 2571 tinendum
1411 2546 1436 2570 et
1452 2540 1671 2576 defendendum
1683 2544 1786 2568 contra
1802 2547 1918 2567 omnem
1936 2539 2103 2567 mortalem.
2116 2540 2199 2567 Ean-

1237 2595 1304 2624 dem
1320 2603 1386 2623 vero
1403 2598 1514 2622 terram
1534 2602 1584 2622 nec
1601 2598 1681 2621 teneo
1696 2601 1745 2621 nec
1758 2592 1854 2621 tenebo
1874 2591 1934 2619 nisi
1947 2600 1964 2619 a
1979 2591 2112 2619 Romana
2129 2596 2198 2620 tan-

1239 2652 1304 2676 tum
1319 2647 1440 2676 ecclesia
1454 2651 1480 2674 et
1494 2654 1550 2683 pro
1567 2646 1630 2682 ipsa
1644 2646 1757 2674 soleam
1777 2645 1804 2672 ei
1820 2645 1913 2672 annis
1927 2644 2059 2680 sinyulis
2078 2645 2199 2672 nomine

1237 2699 1363 2728 census¹
1386 2698 1594 2735 quadraginta
1616 2706 1734 2725 marcas
1753 2696 1873 2733 argJenti
1895 2700 1920 2724 et
1942 2696 2073 2724 serviam
2098 2697 2126 2724 ei
2145 2704 2200 2733 pro

1199 2866 1383 2900 Saint-Siege
1401 2874 1472 2900 pour
1489 2874 1525 2892 un
1541 2865 1649 2892 certain
1667 2864 1784 2890 nombre
1799 2864 1833 2890 de
1847 2869 1939 2890 terres
1955 2873 1988 2890 en
2007 2864 2117 2898 Emitie,
2134 2873 2200 2899 pro-

1198 2917 1306 2942 venant
1319 2914 1354 2940 de
1367 2914 1515 2948 l’heritage
1531 2913 1565 2940 de
1581 2913 1605 2939 la
1619 2917 1764 2939 comtesse
1779 2912 1926 2940 Mathilde.

1236 2963 1262 2989 1.
1279 2962 1319 2989 Ce
1334 2970 1403 2988 cens
1420 2961 1492 2989 u’est.
1507 2970 1559 2996 pas
1574 2963 1691 2996 marque
1707 2961 1779 2987 dans
1794 2961 1818 2987 la
1838 2961 1912 2987 table
1923 2961 2087 2987 ci-dessus.
2100 2961 2156 2987 Sur
2167 2969 2200 2987 ce
