2434 3530
106 898 130 917 ¹0

104 1160 128 1179 15

100 1420 127 1439 20

101 1681 127 1701 25

97 1946 128 1965 *30

98 2208 125 2227 35

713 357 762 386 LE
786 356 930 385 LIBER
953 352 1186 384 CENSUUM
1212 353 1264 381 DE
1288 344 1475 385 L'EGLISE
1499 357 1707 387 ROMAINE.

206 424 235 448 et
251 421 393 450 cessione
403 425 432 450 et
451 422 684 460 traditioneego
695 423 783 452 Oddo
795 422 833 451 de
845 421 1024 459 Columpna
1035 420 1168 458 accepia

207 477 235 502 te
253 473 372 502 domno
395 474 557 504 Bernardo
575 475 742 511 cardinali,
761 479 794 504 nt
807 475 885 509 dixi,
901 474 1001 503 sancti
1018 473 1168 503 Clemen-

206 525 254 556 tis,
278 534 313 554 ex
337 526 487 556 mandato
509 527 641 565 predicti
663 527 771 557 domni
794 536 883 565 pape,
907 530 1004 555 totum
1028 528 1167 554 castrum

204 577 343 606 Trebani
360 579 568 616 proprietario
581 580 654 617 jure
671 583 700 609 et
717 583 844 608 centnm
864 579 972 607 decem
991 577 1088 606 libras
1111 577 1166 605 de-

204 631 368 660 nariorum
386 631 586 669 papiensium
605 636 635 660 et
652 640 708 660 cxi.
724 631 820 660 libras
836 630 1042 660 denariorum
1056 629 1166 657 lucen-

203 683 412 718 sium.Quam
431 693 533 712 nicam
552 684 817 721 permutationem
835 687 864 712 et
879 682 1028 712 omnium
1046 681 1166 719 predic-

204 740 306 764 tarum
334 744 440 764 rerum
471 735 673 764 traditionem
699 739 729 764 et
753 735 950 770 cessionem,
974 734 1056 763 sicut
1071 742 1166 771 snpra

202 786 330 824 legitur,
356 790 456 816 ratam
483 786 600 816 habere
625 787 824 824 minimeque
847 794 1050 823 corrumpere
1073 789 1103 814 et
1127 784 1165 813 ab

201 839 291 868 omni
305 847 437 877 persona
447 839 534 868 omni
547 843 686 876 tempore
696 838 866 867 defendere
877 847 927 868 me
938 846 1089 875 meosque
1098 846 1165 866 snc-

201 899 340 920 cessores
354 891 516 928 promitto.
530 891 598 926 Que
613 891 723 920 omnia
740 892 777 926 si,
792 895 825 919 ut
838 891 1015 929 predictum
1028 894 1084 925 est,
1100 898 1162 919 non

200 943 370 972 fecerimus
385 947 414 972 et
433 951 496 973 non
513 943 804 979 observaverimus,
821 943 928 980 obligo
944 952 995 972 me
1013 951 1165 980 meosque

200 997 408 1030 successores,
422 999 452 1024 et
465 1004 519 1034 per
529 995 767 1033 stipulationem
783 995 923 1033 spondeo
940 995 1071 1025 nomine
1085 1003 1165 1032 pene

199 1047 332 1086 duplum
346 1048 560 1086 suprascripte
575 1048 631 1082 rei,
646 1056 742 1085 quam
757 1048 813 1077 tibi
829 1048 927 1084 trado,
941 1052 1081 1085 prestare
1096 1047 1164 1082 tibi,

199 1101 255 1138 qni
272 1109 383 1138 supra,
401 1100 560 1129 cardinali
582 1100 682 1130 sancti
705 1100 882 1130 Clementis
898 1101 936 1129 ad
954 1105 1073 1139 partem
1095 1109 1164 1138 pre-

198 1152 273 1182 dicti
289 1152 402 1182 domni
415 1161 494 1191 pape
506 1153 646 1190 Eugenii
661 1157 690 1182 et
701 1153 840 1191 predicte
858 1154 999 1182 Romane
1014 1153 1162 1189 ecclesie3

198 1209 227 1235 et
246 1214 326 1243 pena
346 1205 462 1239 soluta.
481 1206 591 1235 omnia
608 1215 669 1244 que
685 1206 832 1244 superius
850 1205 1002 1243 leguntur
1025 1205 1118 1234 firma
1137 1208 1167 1233 et

197 1258 319 1287 illibata
338 1258 537 1296 perveniant.
556 1259 672 1288 Actum
695 1266 790 1296 prope
810 1262 948 1287 castrum
967 1257 1165 1287 Fluminarie

197 1310 230 1338 in
242 1309 375 1339 ecclesia
388 1313 494 1339 sancte
509 1310 621 1347 Mar-ie,
636 1310 842 1348 presentibus
856 1310 949 1340 bonis
964 1310 1162 1346 horninibus,

197 1372 335 1401 quorum
354 1363 486 1393 nomina
508 1363 619 1392 subtus
640 1363 802 1401 leguntur,
820 1364 894 1402 quia
919 1364 954 1393 in
980 1363 1032 1393 tali
1053 1363 1166 1393 ordine

196 1415 255 1444 hec
279 1415 416 1445 scribere
438 1416 545 1453 rogavi
565 1415 721 1445 domnum
737 1416 923 1445 Johannem
944 1415 1104 1445 notarium
1125 1415 1165 1445 ad

197 1467 340 1497 futuram
358 1468 402 1497 rei
420 1468 620 1498 memoriam.
640 1468 794 1498 Decibilis
813 1469 898 1498 testis
912 1473 1049 1506 rogatus,
1066 1468 1165 1498 Gotti-

196 1520 300 1549 fridus
318 1519 511 1550 Montiscelli
533 1521 620 1550 testis
636 1525 782 1558 rogatuS‚
804 1521 971 1550 Johannes
988 1521 1108 1551 Rnntio
1126 1520 1165 1550 de

196 1573 321 1602 Raiano
338 1574 425 1603 testis
442 1577 579 1611 rogatus,
600 1573 780 1603 Donnellus
800 1574 885 1603 testis
904 1578 1043 1611 rogatus,
1063 1573 1163 1603 Mala-

197 1625 281 1655 volta
310 1625 397 1654 testis
423 1630 563 1663 rogatus.
594 1626 659 1663 Ego
679 1625 847 1655 Johannes
870 1626 1027 1664 Signinus
1057 1630 1164 1656 sancte

196 1678 342 1707 Romane
356 1677 487 1707 ecclesie
500 1678 668 1717 [notarius]
679 1679 789 1716 scripsi
799 1683 828 1708 et
838 1678 898 1708 tale
907 1679 1036 1717 signum
1046 1679 1162 1709 seci1...

195 1730 340 1760 Predicte
357 1731 452 1760 etiam
472 1731 700 1770 permutationi
716 1740 883 1761 assensum
898 1733 1026 1770 prebuit
1041 1732 1163 1770 Grego-

194 1783 263 1813 rius
282 1784 465 1820 Pasfflbove,
481 1792 567 1813 anno
583 1783 744 1813 dominice
762 1785 995 1815 incarnationis
1012 1790 1042 1815 et
1056 1785 1162 1814 indic-

195 1825 281 1865 tione
311 1836 541 1874 snprascripta,
566 1837 616 1866 die
640 1846 703 1866 xvn
727 1838 848 1866 mensis
871 1838 1065 1874 decembris,
1093 1847 1162 1876 pre-

195 1893 284 1918 sente
307 1898 357 1918 me
376 1889 546 1919 ‹Iohannes
567 1890 779 1928 suprascripto
803 1890 925 1920 notario
948 1895 979 1919 et
1002 1890 1163 1928 presentia

195 1941 352 1971 Docibilis
375 1941 510 1979 dapiferi
531 1941 641 1971 domni
662 1951 738 1980 pape
760 1946 790 1971 et
806 1942 968 1972 Johannis
991 1942 1162 1971 Runtionis

195 1997 224 2023 et
244 1993 395 2023 Donnelli
414 1999 596 2031 rogatorum
615 1994 756 2023 testium.
777 1996 893 2024 Actum
911 1999 958 2024 est
976 1999 1082 2024 autem
1105 1995 1162 2024 hoc

194 2046 227 2075 in
245 2046 338 2075 domo
358 2051 466 2075 sancte
487 2046 583 2075 Lucie
604 2047 693 2083 juxta
709 2047 843 2076 eandem
867 2046 1034 2076 ecclesiam
1059 2051 1089 2076 et
1110 2055 1161 2076 ro-

193 2103 267 2136 gatu
298 2098 431 2136 predicti
460 2099 609 2136 Gregorii
641 2099 825 2128 Pascibove.
860 2099 927 2128 Hec
957 2099 1068 2137 scripsi
1103 2108 1160 2137 ego

192 2150 360 2180 Johannes
382 2152 525 2180 notarius
549 2150 708 2188 Signinus
733 2151 846 2180 domni
869 2160 948 2189 pape
971 2151 1161 2181 scriniarius

195 2207 225 2232 et
243 2202 303 2232 tale
321 2204 449 2240 signum
469 2203 529 2233 feci
546 2205 567 2233 ¹.

155 2335 375 2364 LXXXXIII.
401 2351 439 2357 -
461 2335 706 2365 Tamscmpwm
731 2344 870 2365 GAETULE
895 2335 1014 2365 Onosis
1042 2335 1147 2364 Fami:

194 2397 274 2417 PANE
295 2397 391 2417 SUPER
415 2397 517 2417 EADEM
539 2397 578 2417 nn
598 2390 619 2416 2.

233 2479 271 2508 In
300 2479 432 2508 nornine
453 2479 597 2508 Domini.
622 2481 718 2509 Anno
742 2479 905 2509 dominice
927 2479 1160 2508 incarnationis

188 2628 211 2648 ιο
229 2623 300 2646 sicut
316 2623 335 2645 (ἶ
353 2635 384 2640 ——
401 2628 425 2648 13
441 2623 599 2653 supradicte
615 2623 637 2646 A
658 2636 687 2639 —
710 2628 733 2647 t7
750 2625 927 2653 permaneant
943 2622 965 2645 A
981 2635 1010 2638 —
1028 2627 1050 2646 19
1066 2622 1161 2645 subter

153 2666 178 2689 A
198 2680 227 2684 —
247 2671 271 2691 21
294 2669 366 2690 Ante
388 2668 506 2689 nomina
526 2669 546 2689 Α
568 2673 665 2689 cruces
681 2668 808 2695 apponit.
832 2679 860 2682 —
880 2670 910 2690 22
927 2665 1077 2688 Monticelli
1093 2666 1115 2688 Α
1131 2677 1161 2682 --

155 2710 262 2734 Runcio
277 2710 299 2733 A
314 2723 341 2727 —
356 2715 386 2735 25
399 2710 523 2733 notarius
537 2717 591 2733 om.
606 2710 625 2734 C
640 2723 669 2726 —
682 2714 711 2734 29
725 2709 850 2733 Johanne
864 2710 886 2732 A
900 2722 929 2726 —-
943 2710 1036 2736 <in>
1051 2715 1122 2739 pres.
1138 2709 1160 2732 A

153 2766 182 2771 -
198 2759 227 2778 30
243 2753 396 2777 Runeionis
413 2754 435 2776 A
452 2766 480 2770 ——
496 2758 525 2778 36
542 2753 669 2777 Onnorus
686 2753 848 2777 FRAJAPANE
865 2753 888 2776 A

192 2890 217 2916 1.
234 2889 273 2915 Le
289 2889 371 2922 signe
392 2893 436 2914 est
454 2889 525 2914 dans
546 2889 571 2914 le
593 2896 647 2915 nis.
664 2888 836 2921 d'Atbinus;
854 2888 873 2914 il
889 2887 997 2914 semble
1013 2887 1112 2913 devoir
1128 2895 1160 2912 se

152 2937 207 2964 lire
223 2938 308 2964 FECI-

190 2985 217 3012 2.
233 2985 267 3012 ‘29
286 2985 439 3011 decembre
460 2985 534 3012 115-2.
558 3001 588 3004 —
611 2985 764 3018 Muratori,
786 2986 862 3015 Ant.,
885 2988 904 3010 t.
926 2983 983 3017 III,
1005 2992 1032 3018 p.
1049 2982 1110 3010 779.
1127 2997 1159 3002 —-

2197 359 2256 390 383

1292 423 1442 456 nr⁰c⁰c⁰n⁰‚
1467 422 1644 452 indictione
1660 423 1779 460 prima,
1800 432 1911 453 mense
1933 424 2110 453 decembris
2131 434 2254 462 xxvnn,

1292 472 1426 508 septimo
1452 481 1538 502 anno
1562 475 1762 512 pontificatus
1788 475 1897 504 domni
1928 476 2064 513 Eugenii
2088 477 2136 505 III
2163 486 2254 516 pape.

1292 522 1357 559 Ego
1373 523 1461 553 Oddo
1476 526 1651 564 Frajapane
1666 527 1813 564 profiteor
1828 537 1878 557 me
1895 529 2050 566 recepisse
2067 529 2196 566 triginta
2211 529 2254 558 li-

1291 574 1362 604 bras
1379 575 1584 607 denariorum
1604 580 1805 617 papiensium
1823 589 1839 609 a
1855 580 1973 610 domno
1998 581 2160 611 Bernardo
2184 590 2255 611 car-

1290 626 1390 655 dinali
1422 629 1524 657 sancti
1556 630 1752 667 Clementis,
1786 632 1936 661 mandato
1967 632 2076 662 domni
2114 633 2255 671 Engenii

1289 687 1366 716 pape
1384 679 1431 709 111
1454 681 1611 718 solvente,
1631 692 1687 720 pro
1705 684 1794 713 omni
1815 685 1888 721 jnre
1911 685 2052 722 pignoris
2071 685 2254 716 Tusculane

1289 731 1445 768 civitatis,
1472 742 1567 771 quani
1584 735 1623 764 ab
1639 735 1748 765 Odone
1764 736 1802 765 de
1825 736 2003 779 Columpna
2024 738 2112 767 intus
2130 743 2159 767 et
2176 738 2254 768 toris

1289 782 1443 813 habebam
1462 790 1492 814 et
1509 787 1718 823 possidebam.
1738 788 1893 818 Promitto
1910 790 2004 818 etiarn
2023 790 2078 819 tibi
2092 791 2254 827 prenomi-

1289 838 1362 864 nato
1381 835 1497 866 domno
1516 838 1676 868 Bernartlo
1695 840 1848 869 cardinali
1868 842 1968 870 sancti
1984 841 2177 877 Clementis,
2198 842 2250 872 vel

1287 887 1343 917 alii
1357 890 1486 919 nomine
1501 895 1608 920 sancte
1621 892 1764 922 Romane
1778 893 1909 922 ecclesie
1923 894 2104 932 accipienti,
2120 895 2251 925 reddere

1289 939 1504 970 instrumenta
1531 942 1675 980 pignoris
1699 952 1760 982 que
1784 953 1801 973 a
1827 946 2049 982 prenominato
2073 946 2183 976 Odone
2212 947 2252 976 de

1288 991 1469 1030 Columpna
1485 995 1604 1032 accepi,
1618 995 1642 1023 si
1660 994 1769 1033 aliquo
1783 999 1922 1034 tempore
1938 998 2084 1027 invenire
2101 1003 2248 1036 potuer0;

1287 1043 1371 1080 quod
1387 1044 1412 1072 si
1429 1052 1493 1073 non
1510 1045 1625 1080 secero.
1647 1046 1715 1084 ipsa
1734 1047 1950 1077 instrumenta
1967 1049 2112 1086 pignoris
2128 1050 2250 1079 nullius

1289 1096 1443 1124 momenti
1467 1097 1548 1132 sint,
1573 1101 1603 1127 et
1621 1098 1679 1127 hoc
1701 1099 1790 1128 omni
1813 1103 1952 1138 tempore
1970 1102 2004 1130 in
2024 1110 2080 1130 sua
2099 1102 2251 1132 firmitate

1288 1153 1484 1184 permaneat.
1508 1149 1573 1178 Hec
1592 1151 1701 1179 omnia
1724 1159 1787 1188 que
1811 1160 1905 1189 supra
1927 1157 2078 1182 notantur
2098 1158 2164 1183 rata
2192 1154 2250 1183 ha-

1288 1199 1363 1228 bere
1388 1200 1589 1239 minimeque
1614 1210 1818 1240 corrumpere
1841 1212 1891 1233 me
1915 1213 2065 1242 meosque
2088 1214 2252 1236 successo-

1288 1261 1338 1281 res
1355 1253 1516 1291 promitto.
1537 1254 1629 1290 Quod
1646 1254 1673 1283 si
1694 1263 1755 1284 non
1774 1255 1876 1285 secero
1895 1261 1924 1285 et
1940 1258 2048 1286 omnia
2071 1267 2133 1296 que
2156 1267 2253 1296 supra

1287 1304 1369 1333 dicta
1389 1309 1463 1334 sunt
1483 1314 1546 1335 non
1563 1306 1787 1343 observavero,
1804 1307 1909 1345 obligo
1934 1317 1983 1337 me
2010 1318 2159 1347 meosque
2179 1319 2253 1339 suc-

1287 1364 1426 1386 cessores
1452 1357 1509 1386 tibi
1533 1357 1651 1388 domno
1678 1359 1842 1388 Bernardo
1864 1360 2019 1389 cardinali
2052 1362 2154 1391 sancti
2178 1361 2252 1391 Cle-

1287 1410 1406 1439 mentis
1428 1410 1556 1448 tuisque
1578 1412 1830 1448 successoribus,
1855 1413 2020 1450 recipienti
2044 1423 2099 1452 pro
2121 1414 2254 1444 ecclesia

1288 1462 1445 1499 Romana,
1466 1471 1547 1501 pene
1570 1464 1702 1493 nomine
1724 1474 1761 1493 xc
1781 1464 1880 1495 libras
1897 1465 2102 1495 denariorum
2120 1467 2252 1505 papien-

1287 1514 1391 1550 sium;
1410 1514 1513 1544 soluta
1528 1524 1610 1553 pena
1627 1516 1749 1546 cartula
1764 1517 1796 1545 in
1815 1526 1872 1546 sua
1889 1522 2074 1556 permaneat
2089 1518 2251 1548 firmitate.

1289 1567 1381 1596 Unde
1395 1567 1442 1596 hii
1461 1571 1536 1596 sunt
1553 1571 1667 1597 testes:

1326 1619 1482 1649 Docibilis
1495 1619 1629 1658 dapifer,
1649 1621 1735 1650 testis
1753 1626 1892 1659 rogatus.

1276 1672 1280 1675 ’
1324 1671 1491 1701 Johannes
1508 1672 1629 1702 Runtio
1644 1673 1682 1702 de
1702 1673 1835 1712 Rajano,
1852 1675 1939 1704 testis
1957 1679 2096 1712 rogatus.

1327 1724 1517 1761 Donnellus,
1535 1726 1622 1755 testis
1635 1730 1774 1763 rogatus.

1325 1778 1390 1815 Ego
1415 1778 1584 1808 Johannes
1609 1779 1786 1816 signinus,
1815 1784 1921 1810 sancte
1948 1781 2092 1811 Romane
2117 1783 2251 1813 ecclesie

1286 1831 1440 1866 notarius,
1459 1834 1587 1868 rogatus
1606 1831 1721 1869 scripsi
1739 1837 1770 1861 et
1787 1832 1846 1862 tale
1864 1833 1993 1870 signum
2007 1834 2067 1864 feci
2079 1836 2101 1864 ¹.

1245 2013 1484 2043 LXXXXIIII.
1506 2030 1543 2035 —
1567 2015 1821 2045 INSTRUMENTUM
1838 2024 1945 2045 cAsrm
1965 2017 2125 2047 VETRALLt
2142 2027 2250 2049 nonno

1286 2066 1430 2096 Eucssmo
1448 2074 1524 2095 PAPE
1541 2075 1682 2096 coscnsm
1694 2069 1716 2095 ².

1323 2185 1361 2213 In
1385 2185 1518 2231 nomine
1544 2185 1689 2214 Domini.
1716 2186 1781 2223 Ego
1803 2186 1963 2216 Assalitus
1980 2187 2066 2217 filius
2086 2189 2249 2226 quondam

1275 2385 1280 2403 t
1298 2385 1389 2403 xxvnt
1406 2381 1429 2404 A
1443 2393 1473 2397 —
1489 2385 1503 2405 2
1519 2381 1725 2411 septimo-pape
1741 2389 1796 2405 om.
1812 2382 1834 2405 A
1847 2395 1876 2399 --
1893 2388 1905 2407 9
1923 2383 2060 2407 Bercardo
2076 2384 2097 2406 A
2111 2397 2140 2401 —
2156 2391 2173 2409 ιι
2190 2384 2249 2408 Od-

1243 2423 1314 2446 done
1331 2424 1354 2446 A
1370 2426 1420 2447 etc.
1435 2436 1465 2440 —
1484 2429 1507 2448 te
1524 2424 1662 2447 Bercardo
1680 2426 1747 2448 A‚-
1763 2430 1793 2450 24
1807 2429 1827 2448 Α
1846 2428 1974 2455 appingit
1989 2433 2096 2450 cruces.
2115 2440 2145 2444 --
2165 2427 2248 2451 Deci-

1242 2467 1305 2490 bilis
1322 2467 1345 2490 A
1360 2480 1388 2484 -
1405 2472 1434 2492 25
1450 2468 1558 2491 Ruricio
1575 2469 1597 2491 A
1617 2481 1646 2485 —
1666 2473 1694 2493 29
1713 2470 1823 2492 Titulus
1839 2472 1878 2492 est
1897 2476 2001 2493 manus
2017 2473 2183 2498 posterioris
2198 2472 2247 2502 (c);

1242 2510 1283 2534 DE
1300 2511 1449 2534 VETRALLA
1466 2518 1534 2535 DATA
1551 2517 1577 2535 ιΝ
1595 2518 1782 2536 BENEPLACITO
1799 2519 1866 2537 turn
1882 2513 2001 2537 Est-‚Enii
2019 2514 2063 2538 AC

1243 2692 1380 2723 Albinus,
1401 2692 1444 2718 xl
1461 2693 1487 2720 8.
1503 2692 1566 2719 Odo
1584 2693 1740 2727 Frajapane
1762 2695 1909 2721 reconnait
1927 2696 2007 2722 avoir
2028 2705 2096 2731 recu
2116 2697 2153 2724 du
2175 2707 2248 2733 pape

1243 2748 1299 2766 une
1314 2748 1426 2766 somme
1442 2741 1477 2767 de
1493 2741 1526 2768 30
1542 2741 1641 2772 livi-es,
1658 2746 1832 2776 moyennant
1846 2743 1914 2776 quoi
1935 2743 1953 2769 il
1972 2743 2066 2770 donne
2088 2745 2249 2773 mainlevee

1242 2788 1328 2815 d’une
1349 2789 1535 2823 hypotheque
1558 2789 1636 2823 prise
1659 2797 1709 2816 sur
1734 2791 1775 2816 les
1798 2791 1888 2818 droits
1912 2791 2024 2825 qu'Odo
2050 2793 2084 2819 de
2108 2793 2249 2821 Columna.

1242 2837 1390 2871 possedait
1404 2838 1420 2863 a
1434 2836 1604 2863 Tusculum.

1280 2885 1303 2910 t.
1326 2884 1367 2910 Ici
1391 2893 1495 2911 encore
1515 2885 1540 2911 le
1563 2885 1658 2919 signe,
1684 2886 1830 2920 reproduit
1852 2886 1924 2913 dans
1947 2888 1972 2913 le
2000 2896 2054 2915 ms.
2076 2889 2247 2924 d’Affiinus,

1242 2932 1351 2959 semble
1367 2932 1488 2967 pouvoir
1503 2941 1535 2959 se
1552 2934 1601 2959 lire
1618 2935 1703 2961 FEttl.

1277 2981 1303 3007 Q,
1325 2980 1459 3014 Theiner,
1483 2988 1514 3007 nu
1542 2982 1581 3008 17.
1605 2996 1638 3002 —
1664 2983 1803 3016 Albinus,
1827 2983 1870 3010 XI
1894 2984 1920 3011 9.
1942 2984 1980 3011 La
2001 2985 2080 3020 piene
2101 2987 2175 3014 n’est
2196 2996 2249 3022 pas

2322 650 2336 668 (ιῚ

2308 912 2335 930 10

2309 1171 2333 1190 15

2305 2086 2334 2104 30
