2434 3530
200 303 258 333 298

242 368 391 406 pontifice
408 374 479 395 cuni
502 364 700 403 processione
721 363 759 391 ad
779 363 935 400 porticum
959 364 1065 390 sancte
1088 361 1199 396 Marie,

240 418 453 450 descenditad
472 421 591 456 petram
612 415 767 454 papalem,
788 416 820 444 in
842 416 908 444 loco
926 415 1107 453 antiquitus
1124 423 1199 444 con—

240 473 366 507 sunno,
391 475 419 500 et
438 470 707 508 depositojregno,
729 468 854 497 ducitur
873 477 889 496 a
905 468 1070 506 judicibus
1090 468 1127 496 ad
1147 476 1199 497 ec-

238 526 389 559 clesiam,
417 529 445 553 et
470 527 613 561 suscepta
641 521 841 560 processione
869 530 885 550 a
911 521 1074 550 canonicis
1101 521 1200 559 ipsius

238 578 371 607 ecclesie
389 581 419 605 et
441 577 519 605 facta
543 575 784 609 benedictione,
808 575 892 603 vadit
909 575 947 603 ad
969 574 1198 609 secretarium,

241 639 424 668 exuensque
441 629 579 667 palleum
599 632 629 657 et
649 628 819 666 planetam,
838 628 937 665 posito
955 627 1086 665 pluviali
1106 636 1201 664 super

239 684 402 716 humeros,
422 682 535 719 incipit
553 681 689 709 tertiam.
711 681 816 709 Finita
830 689 903 709 vero
916 681 1006 709 tertia
1024 680 1109 717 prior
1123 680 1202 717 epis-

238 746 386 774 coporum
405 735 457 773 qui
483 735 509 763 ei
527 735 647 762 servire
672 734 790 763 debent
811 734 842 762 in
865 733 962 762 missa
978 733 1106 762 ducitur
1128 736 1201 761 ante

239 789 419 827 pontificem
438 797 453 816 a
472 787 595 816 dnobus
616 786 790 825 episcopis,
811 790 840 815 et
863 786 952 814 tertio
974 785 1128 823 postulata
1146 784 1200 814 be—

240 842 435 875 nedictione,
467 840 586 869 accedit
610 839 648 868 ad
677 848 783 877 pacem
810 838 981 876 pontilicis,
1011 842 1040 866 et
1067 846 1202 875 surgens

239 894 328 933 pouit
344 903 375 923 se
392 894 425 922 in
443 893 553 923 ordine
570 892 607 921 ad
632 892 777 921 dextrum
801 892 883 920 latus
905 892 986 929 ejus.
1010 890 1134 919 Deinde
1151 899 1200 919 se-

239 948 364 977 cundus
381 947 544 985 episcopus
563 945 682 975 accedit
704 945 742 974 ad
762 953 870 983 pacem
893 944 1065 982 pontilicis,
1086 948 1115 972 et
1132 951 1203 981 por-

239 1001 347 1037 rigens
365 999 510 1029 osculum
535 999 630 1036 priori
655 1007 726 1031 sno,
754 1002 813 1027 stat
835 998 868 1026 111
894 997 946 1026 filo
964 997 1003 1026 ab
1023 996 1086 1026 alio
1106 996 1203 1025 latere

239 1052 410 1092 pontificis.
430 1052 533 1081 Ceteri
556 1051 694 1089 episcopi
715 1050 864 1079 similiter
888 1050 1008 1079 faciunt
1025 1049 1203 1079 accedendo

239 1106 276 1135 ad
296 1115 402 1143 pacem
422 1105 582 1144 pontificis
599 1108 628 1133 et
646 1113 678 1133 se
701 1103 847 1142 ponendo
864 1103 897 1132 in
923 1102 986 1133 filo.
1013 1103 1104 1132 Prior
1123 1111 1202 1140 qno-

240 1168 302 1197 que
332 1158 591 1196 presbyterorum
621 1157 833 1186 cardinalium
865 1156 977 1185 ductus
1004 1160 1077 1184 anto
1104 1154 1202 1192 ponti-

239 1213 329 1241 ficem
348 1220 365 1240 a
381 1211 504 1240 dnobus
527 1210 736 1248 presbyteris,
760 1214 789 1238 et
816 1209 908 1238 tertio
930 1209 1083 1247 postulata
1105 1208 1202 1237 bene-

239 1265 394 1299 dictione,
418 1263 538 1293 accedit
558 1263 596 1292 ad
618 1272 725 1302 pacem
745 1262 902 1300 pontilicis
925 1266 954 1291 et
980 1261 1203 1299 episcoporum

239 1322 269 1347 et
295 1317 404 1354 dirigit
433 1326 464 1345 se
491 1317 524 1345 in
554 1316 617 1345 filo.
651 1316 872 1345 Subsecuntur
903 1315 997 1344 ceteri
1028 1314 1203 1352 presbyteri

237 1369 434 1405 cardinales,
461 1370 619 1407 prefectus
637 1377 779 1407 qnoque,
797 1368 935 1406 judices,
957 1367 1086 1405 prefecti
1107 1376 1203 1396 nava-

236 1423 335 1458 lium,
358 1423 511 1457 advocati,
534 1422 706 1457 scriniarii,
730 1425 906 1455 senatores,
932 1421 1124 1458 majorentes
1147 1420 1202 1458 qni

240 1481 392 1506 vocantur
415 1475 499 1505 scola
523 1474 707 1511 Stimulati,
732 1483 766 1503 ac
792 1474 889 1503 ceteri
916 1473 997 1508 laici,
1025 1473 1159 1510 majores
1176 1477 1205 1502 et

238 1529 390 1564 minores,
409 1528 442 1556 in
460 1528 570 1557 ordine
587 1537 644 1556 suo
660 1528 698 1556 ad
716 1536 825 1565 pacem
844 1526 1091 1564 suscipiendam.
1114 1527 1203 1556 Post-

239 1581 367 1610 modum
386 1589 459 1609 vero
476 1584 611 1617 snrgunt
629 1581 689 1609 duo
702 1580 888 1609 subdiaconi
906 1579 1090 1615 basilicarii,
1109 1584 1138 1608 et
1153 1588 1202 1608 ac-

237 1635 390 1672 cipientes
409 1634 543 1671 priorem
561 1633 793 1662 subdiaconum
811 1633 1042 1670 regionarium,
1061 1641 1114 1670 per
1134 1641 1203 1661 ma-

238 1696 300 1716 nus
324 1696 396 1715 eum
423 1686 611 1715 addextrant
637 1686 676 1715 ab
704 1685 836 1715 introitu
861 1684 1023 1714 secretarii
1050 1685 1202 1724 usquein

238 1739 381 1769 medinm
408 1739 478 1767 atrii
502 1744 575 1767 ante
603 1739 802 1776 pontificem,
830 1739 883 1776 qui
910 1738 973 1767 alta
997 1747 1071 1768 voce
1094 1739 1172 1768 dicit
1196 1751 1201 1768 z

237 1794 309 1822 Jube
323 1794 430 1821 domne
448 1793 634 1826 benedicere,
659 1791 761 1820 tribus
784 1791 925 1825 vicibus;
944 1795 973 1820 et
999 1792 1087 1820 tertio
1107 1791 1204 1821 bene-

237 1846 375 1875 dictione
393 1850 535 1882 suscepta
552 1854 568 1873 a
586 1845 751 1882 pontifice,
773 1844 964 1882 subjungit:
983 1845 1069 1874 Servi
1085 1845 1204 1873 domini

237 1901 337 1929 nostri
360 1900 426 1927 Jesu
450 1898 584 1934 Christi,
613 1898 713 1926 tribus
739 1897 878 1933 vicibus;
903 1902 932 1926 et
950 1897 1026 1926 dicit
1046 1909 1051 1926 :
1073 1898 1204 1926 Dominus

369 1952 602 1980 archidiaconus
622 1951 698 1986 leqczl
718 1951 923 1987 evanyelium,
1075 1951 1204 1979 subdia-

237 2014 329 2033 conus
348 2006 423 2041 leym
443 2004 613 2040 epistolam,
761 2004 960 2040 primicerius
978 2007 1002 2031 et
1024 2004 1116 2032 celeri
1131 2011 1204 2032 can-

239 2063 315 2086 tores
332 2061 466 2085 cantent.

279 2109 351 2147 [[34].
372 2109 443 2138 Hiis
462 2117 534 2138 vero
551 2108 694 2146 expletis,
713 2109 815 2145 surgit
833 2109 986 2147 pontifex,
1002 2112 1030 2137 et
1045 2112 1204 2147 resumpta

237 2162 373 2201 planeta,
386 2162 486 2200 palleo
498 2167 528 2191 et
539 2162 645 2197 mitra,
660 2161 935 2199 processionaliter
947 2161 1080 2191 va'ditad
1093 2162 1203 2201 altare,

237 2219 266 2245 et
283 2215 397 2253 incipit
414 2215 544 2243 missam
562 2215 598 2243 de
616 2224 714 2244 more.
735 2215 807 2244 Post
820 2215 999 2244 orationem
1012 2224 1097 2251 vero,
1113 2221 1203 2245 ante-

238 2277 332 2306 quam
345 2276 356 2290 ·
372 2267 495 2305 legatur
511 2267 660 2305 epistola,
680 2267 846 2297 descendit
862 2268 1108 2297 archidiaconus
1129 2277 1202 2297 cum

239 2321 381 2350 diaconis
393 2325 421 2349 et
435 2320 693 2357 subdiaconibus,
705 2325 735 2349 et
750 2320 896 2350 ordinate
913 2321 1095 2359 stantjuxta
1104 2321 1204 2350 altare

238 2374 268 2401 in
286 2373 410 2402 duobus
435 2373 509 2408 illis,
530 2374 707 2402 scriniariis
727 2382 799 2403 vero
817 2373 976 2403 stantibus
998 2374 1149 2403 deorsum
1169 2375 1202 2403 iu

239 2426 334 2455 choro
347 2436 419 2455 cnm
436 2426 645 2464 plnvialibus;
664 2431 693 2455 et
709 2426 1039 2456 tuncarchidiacomis
1052 2436 1124 2456 cum
1138 2427 1204 2456 dia-

239 2479 379 2517 ‹3011[is]¹›
396 2483 423 2507 et
440 2479 512 2507 aliis
528 2479 695 2508 ordinibus
717 2480 828 2517 incipit
852 2479 961 2508 laudes
980 2479 1042 2508 alta
1063 2489 1155 2516 voce,
1174 2485 1204 2510 et

238 2531 292 2560 alii
305 2533 598 2571 1·espondent,sicut
609 2533 757 2570 superius
769 2532 921 2570 scriptum
932 2532 1024 2561 estin
1036 2533 1112 2562 festo
1122 2533 1202 2562 beati

240 2584 404 2623 Stephani.
424 2585 539 2614 Finitis
556 2594 629 2614 vero
649 2585 809 2620 laudibus,
828 2585 946 2622 legitur
959 2584 1058 2614 latina
1072 2585 1204 2623 epistola

239 2638 342 2675 prius,
365 2642 393 2666 et
409 2638 610 2676 postmodum
628 2647 736 2675 greca,
754 2643 784 2667 et
800 2638 1005 2674 evangelium
1020 2638 1156 2668 latinum
1175 2643 1206 2668 et

239 2698 381 2727 grecum.
401 2691 437 2719 In
455 2695 573 2720 secreta
591 2700 675 2727 vero,
691 2700 764 2721 cum
782 2691 915 2729 prefatio
930 2691 1054 2729 incipit,
1071 2691 1204 2721 descen-

240 2742 320 2771 dunt
339 2743 402 2772 duo
423 2743 547 2772 diaconi
569 2752 641 2773 cum
669 2744 792 2773 duobus
816 2743 1022 2773 subdiaconis
1041 2743 1203 2781 deorsum,

240 2799 270 2824 et
293 2799 375 2824 stant
407 2796 438 2824 in
472 2796 573 2826 fronte
605 2796 714 2825 altaris
740 2796 915 2826 ordinatim
944 2805 1019 2826 cum
1051 2797 1179 2828 silentio
1196 2811 1204 2835 ;

231 2919 256 2948 a)
273 2919 411 2949 antiquam
427 2921 486 2944 cod.

235 2962 258 2992 b)
274 2962 391 2986 diacono
407 2965 466 2986 cod.

746 298 795 326 LE
820 297 963 325 LIBER
986 294 1221 324 CENSUUM
1245 295 1298 323 DE
1323 286 1509 324 L‘EGLISE
1536 294 1742 324 ROMAINE.

1324 361 1452 398 quando
1480 366 1587 390 autem
1614 361 1755 399 pontifex
1786 361 1862 390 dicit
1885 362 1948 390 Par
1971 362 2091 391 Domini
2115 363 2154 390 sic
2177 370 2295 400 semper

1324 415 1491 450 vobiscum,
1512 414 1622 443 nullus
1642 414 1672 443 ei
1694 414 1872 452 respondit,
1898 421 1928 444 et
1949 419 2022 444 tunc
2043 415 2196 444 diaconus
2219 423 2292 444 cum

1324 467 1530 497 subdiaconis
1549 471 1753 497 revertuntur
1769 467 1929 505 superius.

1364 520 1437 559 [35].
1453 521 1558 550 Finita
1577 529 1649 550 vero
1668 521 1766 549 missa
1782 525 1964 557 coronatur,
1978 521 2122 560 reditque
2136 530 2208 550 cum
2226 530 2294 559 pro-

1324 574 1468 603 cessione
1490 574 1528 603 ad
1552 574 1721 611 palatium,
1743 574 1825 603 sicut
1844 583 1938 612 supra
1958 574 2079 603 dictum
2106 579 2162 609 est,
2181 574 2213 603 in
2233 583 2292 603 su-

1324 626 1465 664 pradicto
1495 627 1572 656 festo
1596 628 1695 656 sancti
1722 627 1897 666 Stephani3
1924 632 1953 656 et
1979 627 2115 665 acceptis
2143 627 2295 656 laudibus

1325 688 1343 707 a
1366 679 1526 708 cardinale
1550 680 1650 709 sancti
1670 680 1850 716 Laurentii,
1868 680 1997 709 ducitur
2020 689 2037 708 a
2060 680 2240 718 primicerio
2262 684 2293 709 et

1327 733 1546 761 secundicerio
1573 733 1735 770 judicibus
1758 742 1830 762 curn
1852 733 1947 762 mitra
1969 734 2001 762 in
2022 733 2153 762 basilica
2177 741 2294 770 magna

1328 785 1502 819 Leoniana,
1520 794 1581 823 que
1597 785 1715 815 dicitur
1733 785 1813 815 Casa
1829 787 1942 824 major,
1964 786 2015 815 ubi
2035 789 2110 815 sunt
2130 790 2297 824 preparata

1329 837 1479 867 undecim
1498 847 1617 867 scanna
1633 838 1717 867 circa
1737 847 1881 868 mensam
1897 839 2069 877 pontificis,
2091 839 2116 867 V
2135 838 2297 877 presbyte-

1327 889 1387 926 ris,
1407 890 1434 919 V
1451 890 1597 919 diaconis
1617 894 1646 919 et
1663 891 1862 928 primicerio,
1883 896 1913 920 et
1928 891 2027 921 lectus
2045 891 2146 929 ipsius
2163 890 2295 929 pontifi-

1327 942 1373 972 cis
1390 942 1511 972 ibidem
1528 943 1748 981 sollempniter
1762 949 1958 982 preparatus,
1975 944 2007 973 in
2027 944 2129 981 figura
2144 944 2295 973 undecim

1327 996 1540 1035 apostolorum
1573 997 1830 1025 recumbentium
1864 997 1947 1026 circa
1982 1006 2125 1026 mensam
2158 997 2293 1027 Christi.

1327 1049 1502 1078 Transiens
1526 1049 1664 1087 pontifex
1693 1059 1746 1087 per
1766 1049 1868 1087 ipsam
1887 1050 2051 1079 basilicam
2072 1050 2170 1080 intrat
2189 1059 2296 1080 came-

1327 1111 1411 1137 ram,
1440 1102 1494 1131 ubi
1517 1106 1642 1139 recepto
1666 1102 1864 1140 presbyterio
1887 1111 1904 1131 a
1928 1103 2104 1132 camerario
2128 1103 2161 1132 in
2186 1103 2298 1141 scipho

1327 1160 1488 1193 argenteo,
1508 1159 1538 1184 et
1555 1155 1627 1185 dato
1645 1155 1727 1184 sicut
1742 1155 1775 1183 in
1795 1155 1968 1185 Nativitate
1986 1156 2129 1192 Domini,
2148 1156 2250 1194 surgit
2267 1160 2298 1186 et

1327 1209 1455 1238 ducitur
1478 1217 1495 1237 a
1520 1209 1672 1246 magistro
1697 1208 1878 1238 senescalco
1906 1213 1935 1237 et
1956 1210 2107 1247 pincerna
2129 1209 2166 1238 ad
2190 1208 2297 1239 locum

1326 1262 1381 1300 qui
1406 1261 1524 1290 dicitur
1541 1261 1732 1290 Cubitorum
1747 1262 1787 1297 ¹⁹,
1811 1261 1921 1300 ibique
1940 1262 2093 1299 ajuniori
2113 1262 2298 1301 presbytero

1326 1314 1482 1344 cardinali
1501 1323 1604 1351 agnus
1623 1323 1713 1343 assus
1735 1315 1953 1354 benedIcitur3
1972 1320 2001 1344 et
2017 1315 2132 1344 exinde
2158 1316 2239 1345 redit
2257 1315 2297 1345 ad

1327 1372 1530 1407 preparatum
1545 1367 1662 1396 lectum
1681 1376 1803 1397 mense.
1822 1367 1859 1396 Et
1875 1367 2037 1406 accipiens
2054 1368 2137 1397 idem
2156 1369 2296 1407 pontifex

1327 1430 1441 1460 parum
1461 1421 1498 1450 de
1515 1421 1583 1459 ipso
1599 1429 1692 1458 agno,
1712 1421 1844 1459 porrigit
1863 1421 1958 1459 priori
1976 1421 2158 1450 basilicario
2171 1421 2297 1451 sedenti

1327 1475 1360 1504 in
1379 1474 1531 1504 subsellio
1547 1478 1620 1503 ante
1636 1473 1755 1503 lectum
1773 1473 1889 1511 ipsius,
1908 1473 2041 1503 dicens:
2065 1475 2147 1509 Quod
2159 1476 2236 1511 facis
2247 1475 2298 1510 sac

1327 1529 1437 1563 citius,·
1456 1529 1533 1557 sicut
1550 1528 1601 1556 ille
1617 1528 1729 1564 accepit
1750 1527 1789 1555 ad
1806 1527 2072 1563 dampnacionem,
2092 1532 2123 1556 ιιι
2142 1528 2242 1564 accipe
2258 1528 2298 1557 ad

1327 1582 1549 1610 remissionem.
1578 1579 1752 1618 Reliquum
1774 1588 1848 1609 vero
1871 1581 1945 1616 agni
1968 1579 2132 1609 distribuit
2153 1580 2296 1609 discum-

1327 1635 1478 1664 bentibus
1497 1638 1526 1663 et
1542 1633 1614 1663 aliis
1632 1632 1932 1663 circumstantibus.
1950 1633 1988 1662 In
2007 1632 2113 1662 medio
2131 1642 2206 1663 vero
2219 1641 2296 1663 con-

1327 1688 1404 1717 vivii
1422 1687 1525 1725 surgit
1544 1696 1629 1716 unus
1647 1687 1686 1715 de
1703 1686 1893 1716 diaconibus
1913 1685 2130 1715 cardinalibus
2147 1695 2183 1716 ex
2204 1694 2296 1715 man-

1328 1742 1399 1771 dato
1420 1740 1653 1774 archidiaconi,
1678 1743 1708 1768 et
1730 1739 1807 1777 legit
1823 1739 1861 1768 ad
1880 1748 2036 1768 mensam.
2059 1739 2166 1768 Finito
2187 1743 2297 1769 autem

1327 1794 1491 1830 convivio,
1509 1796 1654 1823 cantores
1676 1801 1802 1831 prosam
1824 1796 1945 1822 canunt
1962 1802 2023 1831 que
2042 1792 2083 1821 sit
2098 1792 2298 1822 conveniens

1328 1848 1437 1883 Pasce,
1456 1848 1494 1876 de
1511 1846 1660 1875 mandato
1678 1845 1845 1883 pontificis.
1867 1845 1978 1874 Postea
1995 1853 2067 1874 vero
2081 1845 2247 1874 descendit
2261 1845 2298 1874 111

1328 1900 1501 1930 ecclesiam>
1518 1899 1766 1928 [anei-anensem
1787 1897 1827 1926 ad
1851 1906 2015 1935 vesperas,
2035 1901 2080 1933 et,
2098 1898 2179 1927 sicut
2194 1898 2298 1927 conti-

1328 1957 1423 1982 netur
1449 1953 1482 1981 in
1509 1951 1749 1989 antiphonario,
1776 1951 1943 1980 celebratis
1971 1951 2070 1980 tribus
2095 1952 2236 1990 vesperis
2262 1953 2297 1981 in

1328 2005 1461 2036 basilica
1479 2004 1653 2035 Salvatoris
1670 2009 1699 2033 et
1715 2003 1752 2033 ad
1771 2004 1873 2033 sontes
1889 2008 1982 2042 atque
1998 2004 2037 2033 ad
2055 2010 2196 2033 sanctam
2215 2005 2297 2035 Cru-

1327 2069 1413 2095 cem,
1433 2059 1603 2088 revertitur
1623 2057 1662 2087 ad
1685 2058 1843 2096 porticum
1868 2057 1969 2086 sancti
1991 2057 2163 2094 Venantii3
2188 2058 2298 2096 ibique

1328 2113 1496 2142 sedetcum
1510 2111 1677 2149 episcopis,
1694 2110 1924 2147 cardinalibus,
1939 2111 2117 2149 ceterisque
2130 2111 2299 2141 ordinibus

1328 2170 1357 2195 et
1373 2166 1446 2195 aliis
1464 2170 1526 2194 tam
1543 2165 1669 2194 clericis
1685 2173 1782 2202 quam
1803 2163 1908 2198 laiciS,
1928 2164 1960 2192 in
1984 2168 2065 2193 terra
2084 2173 2179 2202 super
2194 2168 2299 2202 tapeta

1328 2218 1553 2248 residentibus.
1567 2217 1690 2246 Deinde
1702 2216 1869 2255 propinatu
1877 2226 1889 2245 r
1900 2216 1961 2245 sibi
1973 2216 2128 2245 claretum
2142 2220 2171 2246 et
2183 2218 2298 2247 vinum

1328 2277 1358 2301 et
1374 2271 1525 2302 omnibus
1548 2270 1848 2305 circumstantibus,
1868 2269 1907 2298 ab
1927 2269 2155 2299 archidiacono
2176 2274 2205 2299 et
2223 2269 2299 2300 aliis

1328 2324 1508 2364 pincernis.

1369 2377 1441 2417 [36].
1454 2376 1590 2407 Interim
1604 2384 1678 2405 vero
1689 2374 1890 2413 primicerius
1903 2383 1975 2404 cum
1985 2375 2168 2404 cantoribus
2181 2376 2296 2414 surgit,

1328 2434 1358 2460 et
1378 2430 1465 2460 canit
1483 2438 1608 2468 prosam
1627 2436 1754 2466 grecam
1775 2428 1960 2465 hujusmodi
1980 2437 1986 2456 :
2008 2428 2129 2456 Pascha
2140 2429 2166 2448 '³⁰
2184 2437 2297 2467 yet-on.

1328 2483 1432 2523 ymni.
1460 2490 1624 2521 symeron.
1651 2481 1849 2510 anadedicte.
1875 2480 1997 2509 l'ascha
2019 2482 2145 2510 Kenon.
2175 2481 2294 2519 Agiou.

1329 2537 1453 2567 Pascha
1493 2536 1651 2565 misticon.
1697 2533 1820 2563 Pascha
1865 2543 2135 2573 pausevasmoyu.
2175 2534 2298 2565 Pascha

1328 2590 1470 2620 Christu.
1497 2588 1678 2618 tulithrotu.
1706 2587 1830 2616 Pascha
1856 2595 2019 2616 amomon.
2047 2587 2168 2616 Pascha
2193 2596 2296 2625 mega.

1330 2643 1452 2672 Pascha
1469 2647 1521 2671 ton
1540 2641 1655 2679 piston.
1674 2639 1798 2669 Pascha
1815 2644 1859 2669 tas
1876 2639 1967 2678 pylas
1984 2639 2079 2669 imin.
2099 2643 2130 2669 tu
2148 2640 2299 2678 paradisu

1328 2704 1506 2725 auaeoxan.
1532 2693 1655 2723 Pascha
1681 2697 1792 2731 pautas
1817 2692 2017 2730 anaplastou.
2041 2695 2159 2722 vrotus.
2180 2692 2299 2722 Keuon

1329 2757 1408 2787 papa
1420 2747 1541 2777 christe
1555 2747 1685 2776 filaxon.

1369 2802 1408 2831 Et
1429 2801 1493 2830 hiis
1515 2800 1690 2830 decantatis
1712 2807 1826 2829 omnes
1846 2798 1885 2828 ad
1907 2797 2054 2836 proprian
2081 2801 2298 2828 revertuntur.

1320 2967 1345 2997 a)
1363 2966 1501 2997 propriam
1522 2966 1583 2988 cod.
