2434 3530
65 901 92 922 {0

67 1167 92 1186 15

63 1429 91 1448 20

63 1694 91 1714 25

62 1960 91 1979 :30

65 2223 91 2242 35

63 2488 92 2507 Ao

671 350 722 379 Lu
746 350 891 379 Ltssuft
914 347 1147 378 CENSUUM
1173 347 1226 376 DE
1251 343 1436 379 neuwen
1459 350 1669 381 nomme.
2160 356 2216 385 355

161 417 278 449 oblatio
291 426 385 455 super
397 416 496 446 altare
510 420 656 455 ponatur,
670 415 723 445 sed
742 420 775 445 ut
788 424 884 453 supra
900 414 1053 451 diximus,
1066 417 1128 443 tam

163 471 256 500 nobiS
270 478 366 508 quam
384 468 620 498 successoribus
634 468 749 498 nostris
765 472 798 497 ut
811 467 928 497 certius
941 466 1131 505 approbetur

164 521 401 562 presentialiter
417 521 580 551 afferatur.

202 575 249 604 87.
271 574 361 604 Idem
377 575 401 593 ⁸⁸
421 573 602 604 Guillermo
627 573 694 611 regi
712 572 891 611 Anglorum
914 572 998 601 inter
1013 574 1128 601 cetera.

203 627 302 657 Novit
322 626 493 665 prudentia
515 631 567 656 tua
583 625 762 663 Anglorum
786 633 920 662 regnum
938 633 973 654 ex
993 632 1056 662 quo
1073 631 1129 653 no-

163 689 238 710 men
255 679 374 710 Christi
390 679 434 708 ibi
450 678 660 708 clarificatum
678 682 724 708 est
739 677 798 707 sub
813 676 1028 715 apostolorum
1045 676 1131 714 prin-

162 733 243 772 cipis
260 741 361 762 manu
380 736 410 762 et
428 731 524 761 tutela
541 731 695 764 extitisse,
713 730 814 759 donec
829 728 973 768 quidam,
987 729 1131 758 membra

162 786 238 815 mali
256 785 369 824 capitis
385 784 506 819 eflecti,
527 783 664 813 zelantes
684 782 867 820 snperbiam
890 782 986 820 patris
1004 781 1054 811 sui
1071 780 1129 810 Sa-

164 839 276 874 thane,
295 841 421 876 pactum
446 837 502 866 Dei
524 836 710 873 abjecerunt
731 839 761 864 et
777 834 954 872 Anglorum
978 833 1129 872 populum

160 902 178 921 a
199 892 249 921 via
268 890 408 920 veritatis
428 893 624 918 averterunt.
645 904 680 909 -—-
703 888 737 917 Et
755 887 848 925 paulo
866 890 933 926 post
950 897 956 916 :
978 887 1079 922 Nam,
1098 890 1131 916 ut

160 945 242 974 bene
266 943 365 980 nosti,
384 943 483 972 donec
506 942 603 980 Angli
630 941 738 971 fideles
763 945 854 970 erant
877 940 927 979 pie
952 940 1131 970 devotionis

159 1002 304 1036 respectu
324 996 362 1025 ad
379 996 594 1033 cognitionem
619 994 787 1032 religionis
805 993 979 1023 annualem
1004 993 1130 1031 pensio-

160 1059 235 1080 nem
258 1049 430 1088 apostolice
454 1048 521 1078 sedi
543 1047 735 1078 exhibebant
757 1056 791 1077 ex
812 1056 876 1085 qua
895 1056 965 1085 pars
985 1046 1132 1076 Romano

159 1103 317 1142 pontiflci,
334 1111 408 1142 pars
424 1101 558 1131 ecclesie
574 1105 682 1130 sancte
700 1100 800 1129 Mat-ie
816 1109 878 1138 que
895 1104 1024 1129 vocatur
1041 1099 1132 1129 Scola

160 1156 340 1194 Auglorum
358 1156 393 1185 in
415 1155 653 1185 usumfructum
672 1154 884 1183 deserebatur.
1023 1193 1028 1197 .

199 1210 248 1239 88.
267 1209 442 1247 Gregorius
460 1209 520 1238 VII
533 1210 557 1228 ⁸⁹
574 1208 678 1238 eidem
695 1206 859 1237 Willelmo
876 1207 960 1236 inter
975 1210 1087 1236 vetera.

202 1263 310 1292 ltebus
336 1270 408 1291 vero
433 1261 536 1290 sancti
557 1260 642 1290 Petri
661 1269 723 1298 que
742 1260 774 1288 in
793 1259 912 1297 Anglia
933 1259 1132 1296 colliguntur

159 1316 205 1346 sit:
223 1320 250 1345 te
270 1320 303 1344 ut
324 1315 385 1344 tuis
404 1313 574 1351 invigilare
597 1322 784 1349 monemuS,
803 1313 847 1342 sic
871 1312 1053 1342 liberalitati
1079 1315 1132 1342 tue

159 1373 194 1399 ut
212 1373 263 1398 tua
279 1367 525 1403 committimus,
540 1370 572 1396 ut
586 1366 675 1405 pium
690 1374 726 1395 ac
740 1365 913 1404 propitium
927 1365 1129 1404 debitore[m]

160 1423 292 1452 Petrum
323 1421 485 1459 repperias
513 1424 541 1450 et
569 1428 643 1449 eum
673 1420 727 1448 tibi
759 1429 793 1448 ex
826 1419 932 1448 debito
960 1419 1132 1448 subvenire

159 1484 357 1506 ammonens.

199 1528 249 1558 39.
276 1528 313 1557 Iu
336 1527 445 1557 eodem
466 1527 599 1564 registro
616 1525 803 1555 Alexandri.
825 1525 1029 1554 Raimundus
1045 1525 1131 1555 Wil-

159 1581 284 1610 lelmi⁹⁰
308 1589 413 1610 comes
438 1578 624 1616 Ugellensis
644 1578 758 1616 optulit
779 1579 868 1608 bento
891 1579 983 1608 Petro
1003 1579 1036 1607 in
1060 1588 1131 1616 pre-

159 1634 223 1664 fato
248 1633 399 1663 comitatu
427 1632 490 1661 duo
514 1636 632 1667 castra,
655 1640 756 1660 unum
778 1631 895 1660 dicitur
914 1630 1079 1660 Laboriola
1102 1635 1133 1660 et

159 1687 295 1716 alterum
314 1685 487 1720 Saltevolzt,
506 1685 564 1714 sub
588 1684 741 1723 pensione
760 1684 825 1713 IIII
849 1684 1016 1713 unciarum
1041 1685 1129 1718 auri;

159 1749 196 1770 ea
218 1739 402 1769 conditione
427 1744 459 1767 ut
482 1738 596 1776 posteri
621 1737 763 1775 ejusdem
781 1737 905 1767 comitis
921 1738 1078 1776 accipiant
1094 1738 1132 1766 de

160 1802 262 1822 manu·
282 1792 443 1830 pontificis
466 1792 584 1830 prelata
607 1790 750 1826 castella,
770 1794 799 1819 et
814 1790 852 1819 ab
869 1791 978 1820 eodem
997 1790 1132 1820 anatlie-

159 1849 243 1875 mate
265 1845 422 1874 feriantur
441 1844 638 1882 quicumque
661 1844 700 1872 ab
726 1843 846 1873 eisdem
870 1843 980 1872 eadem
1006 1843 1132 1872 auferre

160 1899 396 1936 temptaverint.
426 1898 530 1935 Hujus
554 1901 660 1926 autem
686 1905 795 1925 annue
821 1896 984 1935 pensionis
1007 1900 1133 1925 exactor

159 1956 189 1982 et
212 1952 294 1981 beati
315 1951 399 1980 Petri
421 1951 617 1980 actionarius
639 1955 685 1979 est
706 1950 802 1979 abbas
825 1950 1009 1979 monasterii
1030 1950 1132 1979 sancti

159 2005 269 2035 Pontii
285 2005 369 2043 quod
387 2009 433 2033 ost
448 2004 530 2042 juris
547 2003 631 2032 beati
650 2003 734 2032 Petri
751 2004 848 2032 situm
866 2003 899 2032 in
916 2002 1036 2032 diocesi
1054 2003 1131 2032 Nar-

160 2058 308 2087 bonensi.

200 2110 250 2140 90.
291 2110 333 2139 Ex
361 2110 495 2147 registro
513 2110 536 2129 ⁹¹
561 2109 706 2146 Gregorii
733 2109 794 2137 Vll
820 2117 910 2146 pape,
935 2107 1019 2137 libro
1041 2108 1131 2145 VIII,

160 2173 227 2203 cap.
246 2163 375 2193 XXIII.

199 2216 376 2254 Gregorius
400 2216 585 2254 episi-opus,
604 2224 714 2245 servus
733 2223 898 2244 servorum
914 2215 989 2251 Dei,
1006 2214 1134 2244 dilectis

160 2270 237 2299 filiis
269 2269 385 2299 nostris
415 2269 507 2297 Petro
536 2267 716 2297 Albanensi
747 2268 892 2305 episcopo
921 2272 949 2297 et
976 2267 1134 2306 Gisulpho

162 2323 299 2362 principi
317 2322 522 2352 Salernitauo
545 2321 657 2359 legatis
679 2324 785 2350 nostre
803 2321 888 2350 sedis
906 2320 1076 2359 apostolice
1099 2322 1132 2350 in

161 2375 294 2411 Gallias,
312 2375 398 2404 inter
415 2379 541 2403 cetera:
558 2373 740 2403 Dicendum
759 2378 805 2402 est
820 2373 972 2402 omnibus
989 2373 1088 2403 Gallis
1105 2378 1135 2403 et

161 2439 215 2468 per
238 2437 346 2458 veram
371 2427 586 2457 obedientiam
614 2426 856 2465 precipiendum
882 2430 914 2455 ut
941 2435 1134 2465 unaqueque

160 2482 275 2511 domus
293 2480 403 2510 saltem
424 2489 524 2509 unum
542 2479 713 2509 denarium
735 2478 905 2507 aunuatim
925 2478 1024 2508 solvat
1043 2479 1133 2508 beato

159 2534 270 2569 Petro,
288 2533 313 2562 si
331 2541 404 2562 eum
423 2535 655 2569 recognoscunt
671 2536 791 2569 patrem
813 2535 842 2559 et
860 2536 1017 2569 pastorem
1037 2541 1132 2561 suum

161 2595 249 2616 more
272 2586 416 2624 antiquo.
441 2585 525 2614 Nam
549 2584 687 2614 Karolus
711 2584 894 2622 imperator,
913 2584 994 2613 sicut
1014 2583 1133 2622 legitur

159 2640 193 2668 in
213 2639 322 2669 thomo
336 2639 404 2676 ejus
421 2638 476 2676 qui
494 2638 526 2666 in
547 2637 677 2667 archivo
693 2636 825 2666 ecclesie
839 2637 921 2666 beati
938 2637 1023 2666 Petri
1038 2637 1133 2667 habe-

150 2835 163 2855 7
182 2830 340 2853 substitisse
357 2829 377 2852 B
394 2842 423 2845 —
442 2832 466 2852 15
482 2829 622 2851 serebatur
638 2828 668 2857 B,
683 2827 823 2851 deferebat
840 2827 861 2851 D

155 2879 179 2899 18
196 2874 236 2904 ut]
255 2874 283 2896 in
300 2874 322 2896 A
337 2885 363 2891 —
382 2876 407 2896 et
423 2873 443 2896 D
462 2885 487 2890 —
505 2877 535 2897 20
552 2879 613 2895 eum
630 2871 691 2902 tibi]
709 2872 838 2895 euntibus
854 2871 876 2895 D

149 2923 181 2944 22
197 2918 336 2942 Guilielmi
353 2918 376 2940 A
392 2930 420 2934 —
437 2921 466 2942 23
482 2916 548 2946 Urg.
564 2916 611 2940 AD
626 2929 654 2932 —
668 2921 698 2941 24
715 2915 861 2939 Lobariola
877 2915 898 2938 D
914 2929 942 2932 -
956 2920 985 2940 26
999 2916 1092 2939 comiti
1110 2915 1131 2938 D

118 2976 151 2982 .-
167 2968 196 2988 27
213 2962 395 2990 <Romani>
413 2962 510 2992 pontis.
527 2961 549 2985 D
567 2973 594 2977 —
611 2965 640 2985 29
657 2963 789 2984 exauctor
804 2959 824 2983 D

149 3012 182 3032 ΔΟ
198 3008 306 3031 solvant.
322 3007 394 3030 ABD

1254 417 1315 451 tur,
1336 415 1368 444 in
1395 416 1494 445 tribus
1517 416 1594 447 locis
1619 419 1786 448 annuatim
1811 420 1979 458 colligebat
2007 422 2094 451 mille
2117 429 2147 453 et
2166 423 2217 454 CC

1252 465 1352 496 libras
1367 468 1405 497 ad
1423 470 1591 499 servitium
1607 472 1777 508 apostolice
1793 473 1887 509 sedis,
1901 473 1930 502 id
1947 478 1992 503 est
2004 476 2214 513 Aquisgrani,

1252 519 1335 557 apud
1351 520 1485 550 Podium
1501 528 1608 551 sancte
1623 524 1735 559 Marie,
1749 530 1778 553 et
1793 526 1873 563 apud
1891 531 2034 556 sanctum
2052 528 2214 566 Egidium,

1251 576 1380 610 excepto
1396 572 1455 602 hoc
1470 574 1552 612 quod
1572 577 1793 615 unusquisque
1812 579 1936 616 propria
1954 579 2120 610 devotione
2140 583 2217 612 olfe-

1252 625 1351 654 rebat.
1378 626 1465 655 Idem
1484 636 1557 656 vero
1575 637 1711 665 magnus
1728 630 1899 668 imperator
1915 631 2084 662 Saxoniam
2104 635 2219 672 optulit

1252 676 1344 707 beato
1371 678 1464 708 Petro
1491 681 1582 717 cujus
1610 689 1679 710 eam
1710 682 1827 712 devicit
1855 684 2030 721 adjutorio,
2059 690 2088 715 et
2116 688 2219 725 posuit

1252 730 1382 767 signum
1406 731 1585 762 devotionis
1608 738 1636 762 et
1654 733 1808 764 libertatis
1825 736 1905 765 sicut
1921 738 1982 776 ipsi
2000 738 2142 769 Saxones
2160 741 2217 769 ha-

1253 782 1329 812 bent
1345 784 1498 822 scriptum
1516 790 1545 814 et
1563 787 1733 824 prudentes
1750 788 1878 818 illorum
1896 791 1970 820 satiS
1987 793 2103 823 sciunt.

1294 836 1341 865 91.
1368 837 1448 866 Item
1466 847 1501 867 ex
1520 840 1656 875 registro
1670 842 1694 860 θ’)
1710 841 1832 877 eodem⁷
1850 842 1905 872 lib.
1925 844 1966 878 ΙΙ,
1984 853 2050 883 cap,
2069 846 2161 875 XIII.

1292 889 1466 927 Gregorius
1482 891 1646 930 episcopus
1657 893 1821 923 Salomoni
1836 896 1900 933 regi
1915 897 2117 933 [jugat-orum
2135 899 2220 929 inter

1253 946 1368 972 cetera.
1394 942 1485 972 Sicut
1499 953 1516 973 a
1533 945 1709 982 majoribus
1727 948 1825 984 patrie
1843 953 1893 977 tue
1909 958 2098 987 cognoscere
2122 956 2217 990 potes,

1254 1004 1390 1032 regnum
1422 997 1564 1033 Ungarie
1590 1005 1787 1028 sacrosancte
1817 1000 1959 1031 ltomane
1988 1004 2119 1033 ecclesie
2148 1014 2218 1042 pro-

1254 1048 1360 1086 prium
1379 1053 1463 1086 est‚a
1481 1058 1553 1087 rege
1566 1050 1728 1088 Stephano
1743 1052 1817 1081 olim
1837 1053 1926 1083 beato
1941 1055 2031 1083 l’etro
2045 1065 2116 1085 cnm
2132 1058 2220 1086 omni

1252 1101 1324 1138 jure
1338 1105 1368 1130 et
1382 1106 1531 1139 potestate
1544 1112 1599 1131 sua
1614 1103 1753 1132 oblatum
1770 1110 1799 1133 et
1812 1106 1920 1135 devote
1936 1107 2099 1137 traditum.
2116 1110 2221 1139 Prete-

1254 1162 1307 1183 rea
1317 1153 1476 1183 Henricus
1490 1155 1540 1193 pie
1552 1156 1707 1185 memorie
1722 1158 1892 1195 imperator
1903 1159 1940 1188 ad
1955 1160 2108 1190 honorem
2119 1164 2218 1192 sancti

1254 1207 1342 1236 Petri
1360 1216 1494 1245 regnum
1512 1208 1591 1237 illud
1611 1218 1809 1247 expugnans,
1828 1212 1956 1241 victoria
1971 1214 2080 1252 adepta
2096 1215 2134 1244 ad
2150 1224 2220 1245 cor-

1254 1270 1314 1298 pus
1339 1261 1420 1290 beati
1440 1261 1522 1291 Petri
1546 1261 1689 1292 lanceam
1713 1268 1741 1292 et
1761 1273 1909 1293 coronam
1932 1267 2013 1302 regis
2032 1270 2218 1306 transmisit,

1256 1317 1286 1343 et
1302 1323 1357 1352 pro
1373 1314 1474 1351 gloria
1497 1315 1652 1354 triumphi
1671 1316 1721 1345 sui
1741 1317 1817 1346 illuc
1836 1319 1921 1355 regis
1937 1319 2051 1349 direxit
2068 1322 2219 1359 insignia,

1254 1375 1317 1406 quo
1334 1367 1549 1405 principatum
1567 1369 1637 1407 ejus
1653 1369 1819 1407 dignitatis
1832 1371 1967 1400 attinere
1981 1374 2137 1409 cognovit.
2153 1375 2221 1410 Qne

1254 1429 1328 1449 cum
1351 1421 1395 1449 ita
1419 1421 1493 1457 sint,
1520 1425 1550 1450 tu
1577 1426 1681 1451 tamen
1703 1424 1756 1460 jus
1782 1427 1812 1452 et
1836 1423 1988 1454 honorem
2013 1427 2113 1455 sancti
2135 1428 2221 1457 Petri

1253 1478 1411 1512 quantum
1438 1474 1469 1502 in
1500 1478 1527 1503 te
1553 1474 1720 1511 minuisti,
1748 1475 1823 1504 dum
1851 1477 1918 1514 ejus
1946 1486 2081 1515 regnum
2107 1488 2125 1508 a
2149 1489 2222 1517 rege

1254 1527 1506 1556 Teutonicorum
1530 1528 1562 1556 iu
1588 1528 1798 1564 beneficium,
1817 1530 1898 1559 sicut
1919 1531 2118 1563 audivimus,
2137 1542 2220 1562 acce-

1255 1579 1335 1618 pisti.
1356 1580 1447 1615 Quod
1465 1580 1488 1609 si
1508 1589 1616 1610 verum
1644 1586 1701 1617 est,
1717 1582 1855 1619 qualiter
1875 1585 2008 1620 gratiam
2035 1585 2115 1614 beati
2138 1586 2222 1615 Petri

1253 1636 1306 1675 aut
1321 1637 1460 1662 nostram
1476 1633 1723 1663 benivolentiam
1740 1634 1855 1664 debeas
1873 1641 1903 1664 tu
1923 1637 1987 1674 ipse
1999 1638 2155 1674 justitiam
2174 1645 2221 1668 at-

1255 1685 1370 1715 tendis.
1390 1686 1461 1714 Non
1483 1686 1609 1723 ignoras
1634 1687 1779 1716 videlicet
1804 1693 1830 1716 te
1856 1698 1915 1717 non
1940 1700 2008 1718 eam
2035 1691 2220 1721 habiturum

1255 1747 1313 1767 nec
1337 1739 1405 1767 sine
1426 1739 1598 1776 apostolica
1622 1740 1903 1770 animadversione
1920 1742 1974 1771 ‹liu
1997 1750 2221 1781 regnaturum,

1257 1791 1317 1820 uisi
1343 1795 1501 1829 sceptrum
1526 1793 1615 1829 regni
1638 1794 1721 1831 quod
1751 1799 1853 1829 tenes,
1872 1800 2009 1825 correcto
2028 1806 2134 1826 errore
2155 1803 2221 1834 tuo,

1255 1844 1425 1882 apostolice
1445 1850 1630 1874 nouantem
1654 1846 1737 1883 regie
1760 1848 1932 1884 majestatis
1959 1849 2150 1879 beneficium
2175 1861 2222 1880 re-

1255 1905 1437 1934 cognoscas.
1459 1898 1571 1935 Neque
1588 1899 1673 1927 enim
1694 1907 1748 1928 nos
1767 1900 1877 1929 timore
1897 1901 1942 1929 rel
1968 1911 2074 1931 amore
2096 1903 2142 1931 vel
2163 1904 2223 1932 ali-

1258 1959 1322 1988 qua
1354 1950 1512 1989 personali
1543 1953 1739 1989 acceptione,
1769 1958 1924 1990 quantum
1957 1955 2022 1983 Deo
2051 1956 2225 1993 adjuvante

1256 2003 1431 2041 poterimus
1450 2003 1591 2033 debitum
1612 2004 1768 2034 honorem
1786 2006 1856 2043 ejus
1872 2007 1922 2035 cui
1940 2008 2021 2035 servi
2044 2017 2156 2037 sumus
2180 2010 2224 2038 ir-

1256 2056 1447 2094 requisitum
1473 2056 1706 2095 relinquemus,
1731 2058 1850 2087 Verum
1874 2058 1899 2087 si
1924 2058 1982 2088 hoc
2006 2061 2176 2090 emendare
2197 2067 2226 2091 et

1257 2108 1355 2137 vitam
1382 2113 1465 2137 tuam
1487 2114 1520 2138 ut
1538 2118 1646 2146 regem
1667 2109 1757 2139 docet.
1779 2110 1948 2140 instituere
1967 2112 2031 2140 Deo
2054 2113 2225 2142 miserante

1255 2161 1407 2197 volueris,
1426 2162 1533 2200 procul
1551 2163 1647 2191 dubio
1663 2162 1869 2192 dilectionem
1887 2169 1994 2193 sancte
2012 2165 2155 2195 Romane
2175 2176 2225 2195 ec-

1256 2214 1351 2244 clesie
1366 2215 1449 2243 sicut
1462 2215 1597 2244 dilectus
1614 2215 1701 2244 filius
1717 2221 1747 2245 et
1765 2221 1903 2245 nostram
1923 2217 1953 2245 iu
1970 2217 2099 2247 Christo
2114 2220 2226 2248 amici-

1258 2268 1333 2297 tiam
1352 2267 1444 2306 plene
1462 2268 1605 2298 habebis.

1296 2321 1344 2351 92.
1370 2321 1458 2351 Idem
1481 2322 1513 2350 in
1541 2322 1650 2351 eodem
1666 2324 1690 2342 ⁹³
1711 2322 1749 2351 ad
1773 2322 1912 2351 Causam
1938 2324 2081 2361 Ungarie
2102 2334 2225 2361 regem,

1255 2385 1323 2413 cap.
1344 2376 1463 2411 thtt,
1483 2376 1566 2404 inter
1583 2380 1697 2406 cetera.

1296 2429 1416 2458 Notum
1446 2437 1520 2458 vero
1549 2428 1606 2457 tibi
1636 2429 1893 2458 esseoredimus
1920 2439 2055 2466 regnum
2084 2431 2226 2468 [jugat-ie

1257 2481 1340 2510 sicut
1367 2486 1396 2510 et
1421 2481 1483 2510 alia
1509 2481 1713 2511 nobilissima
1739 2491 1837 2519 regna
1860 2482 1890 2510 in
1919 2483 2042 2520 proprie
2071 2483 2226 2513 libertatis

1247 2704 1260 2723 6
1277 2700 1355 2722 beate
1372 2699 1393 2722 D

1246 2748 1259 2767 9
1277 2743 1399 2772 registris
1418 2743 1437 2765 D
1456 2756 1483 2759 —
1505 2743 1555 2765 XII
1573 2743 1609 2771 A,
1628 2742 1704 2765 XIIII
1724 2742 1744 2765 D
1766 2755 1795 2758 —
1818 2748 1840 2767 to
1857 2744 2003 2772 episcopus
2020 2748 2149 2770 <servus
2168 2752 2225 2768 ser-

1215 2794 1312 2810 vorum
1334 2786 1417 2811 Dei>
1440 2787 1458 2809 B
1482 2790 1571 2816 potest
1599 2786 1619 2809 D
1644 2799 1672 2802 —-
1698 2790 1791 2809 sancte
1809 2787 1855 2809 AD
1880 2800 1907 2803 --
1933 2793 1956 2812 15
1983 2787 2128 2811 lleinricus
2153 2789 2173 2811 D
2197 2803 2226 2806 —

1217 2835 1240 2854 16
1256 2830 1330 2852 illum
1348 2830 1369 2852 D
1386 2835 1453 2854 -17
1471 2830 1553 2859 regis]
1572 2830 1631 2852 eius
1646 2830 1666 2852 Ι)
1684 2843 1713 2846 -
1730 2831 1805 2859 regni
1821 2830 1841 2853 D
1859 2843 1887 2846 —
1904 2835 1926 2855 21
1946 2830 1982 2861 ini
1999 2832 2031 2853 ad
2047 2832 2118 2855 ΑΒΓ.)
2134 2846 2162 2848 -
2174 2833 2226 2855 im-

1216 2874 1339 2896 minuisti
1360 2873 1405 2896 BD
1426 2887 1455 2890 -
1474 2877 1504 2897 24
1520 2876 1697 2903 <sperare>
1715 2874 1815 2897 debeas
1833 2874 1903 2897 Asst)
1923 2888 1949 2890 —
1971 2876 2060 2903 <si>
2077 2877 2140 2899 iust.
2159 2876 2179 2899 D
2197 2891 2226 2894 —

1216 2922 1244 2942 27
1271 2920 1399 2947 correpto
1423 2918 1442 2940 Β
1467 2931 1497 2934 -
1522 2923 1550 2942 28
1571 2920 1662 2945 <et>
1685 2922 1772 2947 apost.
1796 2918 1815 2941 B
1842 2931 1870 2935 —
1897 2920 1985 2942 benet.
2007 2923 2134 2949 (περ)
2157 2920 2177 2943 Β
2198 2935 2226 2938 -

1215 2965 1245 2985 32
1261 2961 1309 2984 hcc
1326 2961 1346 2984 Β
1367 2974 1396 2977 —
1416 2966 1445 2985 33
1462 2961 1540 2984 dccet
1558 2961 1578 2984 D
1598 2975 1627 2977 —
1646 2961 1704 2984 Deo
1722 2962 1903 2988 <adiuvante
1920 2964 1996 2989 vet>
2014 2963 2032 2986 B
2050 2977 2079 2980 —
2095 2969 2124 2989 34
2141 2965 2226 2988 dilcc-

1217 3005 1338 3028 tissimus
1354 3005 1374 3028 D
1389 3019 1418 3022 —
1434 3011 1462 3030 36
1480 3006 1579 3029 habere
1597 3006 1618 3028 D

2274 910 2298 929 ¹0

2279 1962 2303 1980 30

2280 2490 2306 2508 40
