2434 3530
642 355 691 384 LE
716 353 862 383 LIBER
885 350 1119 382 CENSUUM
1142 350 1197 379 DE
1220 340 1406 379 L’EGLISE
1431 349 1640 379 ROMAINE.
2132 348 2187 378 307

95 421 277 463 [XXXIV.]
293 422 371 457 Quid
383 422 480 451 debeat
493 422 598 450 habere
611 425 635 449 el
647 422 743 457 facere
753 420 896 457 magister
906 417 1098 447 senescalcus.

174 527 247 567 [58].
272 527 480 558 Senescalcus
503 527 616 564 major,
634 525 691 564 qui
715 525 813 554 servit
832 524 951 554 domno
968 531 1045 561 pape
1066 522 1099 551 in

133 581 356 617 coronatione,
374 579 524 610 videlicet
544 579 576 609 in
596 578 720 608 Pascha
739 582 769 607 et
786 577 819 606 in
843 576 1017 606 Nativitate
1036 575 1099 605 Do-

133 635 233 672 mini,
251 639 282 664 et
301 635 334 664 in
357 633 595 664 consecratione
620 631 730 662 domni
756 639 847 669 pape,
869 629 961 659 debet
983 628 1101 659 habere

133 697 232 718 unam
244 687 409 718 scutellam
422 689 607 724 argenteam
621 685 718 714 trium
731 691 911 712 marcarum
925 686 955 712 et
965 682 1100 711 dimidie

133 742 168 771 in
184 740 321 779 singulis
337 740 485 779 predictis
503 737 739 772 festivitatibus,
757 745 811 766 seu
829 735 1099 772 coronationibus,

134 798 165 823 et
184 793 277 823 debet
300 793 440 830 recipere
456 790 610 821 victualia
632 797 687 828 pro
707 788 892 827 quindecim
911 788 1101 818 hominibus

135 854 330 885 unoquoque
352 845 404 874 die
432 842 671 879 coronationis3
701 847 730 872 et
757 842 848 871 debet
873 841 1040 871 comedere
1066 841 1100 870 in

133 898 313 938 panettaria
335 907 408 927 cum
431 896 526 927 sociis
549 896 631 932 suis,
656 899 829 933 antequam
857 895 995 925 domnus
1022 903 1103 932 papa

135 951 243 981 redeat
264 959 282 980 a
303 951 425 987 missa3
449 954 479 980 et
501 949 593 979 debet
618 949 756 986 recipere
781 957 798 977 a
824 948 979 987 pincerna
1003 956 1102 977 unam

135 1002 332 1043 aquaritiam
355 1002 481 1039 clareti,
500 1005 530 1032 et
545 1010 644 1031 unam
662 1001 726 1030 vini
743 1011 748 1037 ;
772 1004 801 1030 et
817 1000 908 1030 debet
928 1000 1045 1030 habere
1063 1001 1103 1030 ad

133 1056 267 1086 domum
282 1064 373 1085 suam
389 1064 442 1085 sex
457 1055 559 1093 capita
573 1062 741 1092 porcorum
759 1057 878 1091 parata,
891 1057 920 1083 et
936 1061 988 1082 sex
1004 1061 1102 1091 aqua-

135 1109 280 1140 ricciolas
302 1108 412 1138 clareti
435 1116 628 1147 unoquoque
644 1106 695 1136 die
711 1106 946 1142 coronationis;
964 1110 993 1136 et
1011 1106 1105 1136 debet

134 1162 252 1192 habere
270 1161 304 1191 in
323 1169 518 1200 unaquaque
534 1159 740 1190 coronatione
756 1159 961 1189 medietatem
977 1160 1056 1198 sepi,
1075 1163 1104 1189 et

134 1214 339 1244 medietatem
355 1214 394 1244 de
408 1214 560 1244 omnibus
576 1213 672 1243 coriis
695 1213 871 1243 bestiarum
888 1221 951 1251 que
968 1213 1105 1243 veniunt

136 1266 171 1296 in
189 1266 332 1296 enseniis
348 1266 461 1296 domni
478 1275 567 1305 pape,
585 1266 661 1295 dum
679 1265 796 1295 festum
815 1265 990 1295 duraverit.

97 1372 262 1411 [XXXV.]
288 1373 367 1407 Quid
385 1372 463 1402 debet
481 1373 591 1401 habere
610 1374 757 1410 mayisler
778 1373 927 1409 pincerna
949 1378 973 1401 et
994 1374 1104 1409 facere.

179 1477 253 1516 [59].
277 1477 431 1515 Magister
446 1477 618 1516 pincerna,
636 1477 692 1516 qui
706 1477 825 1507 domno
841 1487 920 1516 pape
936 1478 969 1507 in
986 1478 1037 1508 die
1053 1487 1106 1509 co-

138 1531 318 1561 ronationis
332 1539 388 1560 sue
400 1530 440 1560 ad
451 1539 598 1560 mensam
613 1531 722 1567 servit,
736 1530 830 1560 debet
840 1531 958 1561 habere
972 1540 1106 1570 cuppam

138 1592 237 1614 unam
258 1583 356 1613 trium
377 1592 559 1613 marcarum
578 1587 609 1613 et
630 1583 766 1613 dimidie
786 1584 934 1621 argenti:
947 1584 1018 1623 Ipse
1034 1593 1108 1614 vero

138 1637 295 1676 pincerna
312 1636 404 1666 debet
420 1636 533 1666 eadem
548 1636 599 1666 die
615 1636 690 1666 dare
705 1635 919 1666 butticulariis
933 1637 1108 1667 cotidiana-

138 1690 197 1719 riis
218 1689 330 1719 domni
351 1698 428 1729 pape
447 1697 560 1719 zonam
580 1698 678 1719 unam
697 1689 736 1719 de
754 1690 873 1727 serico;
897 1690 990 1720 debet
1012 1691 1108 1720 etiam

140 1743 308 1774 comedere
332 1746 506 1781 antequam
531 1743 669 1773 domnus
697 1752 776 1782 papa
801 1743 909 1772 veniat
931 1743 969 1773 de
993 1745 1107 1781 missa,

139 1804 196 1835 pro
211 1795 399 1834 quindecim
418 1795 514 1825 sociis
530 1796 757 1826 comestionem
774 1796 950 1834 accipiens,
968 1802 998 1826 et
1016 1797 1111 1827 debet

138 1849 258 1879 habere
275 1857 328 1878 sex
346 1848 449 1887 capita
462 1849 595 1887 porcina
609 1853 715 1887 aptata
735 1852 764 1878 et
780 1858 832 1878 sex
852 1850 1038 1888 aquarecias
1050 1849 1110 1880 cla-

139 1903 198 1932 reti
216 1911 277 1941 que
295 1902 335 1932 ad
350 1902 483 1932 domum
506 1911 596 1932 suam
612 1903 810 1937 transmittit,
826 1906 855 1932 et
871 1903 903 1932 in
916 1904 1112 1934 comestione

141 1966 198 1988 sua
214 1966 314 1987 unam
330 1956 529 1996 aquariciam
549 1957 659 1987 clareti
684 1962 715 1987 et
731 1957 828 1987 aliam
851 1958 934 1995 vini;
957 1962 986 1988 et
1007 1959 1042 1988 in
1061 1959 1112 1989 die

140 2011 238 2041 Pasce
262 2014 292 2040 et
317 2010 370 2040 die
386 2011 477 2040 Lune
492 2014 561 2049 post
578 2010 692 2047 Pasca,
711 2015 780 2049 post
796 2020 943 2049 vesperas
961 2012 1000 2041 ad
1019 2021 1110 2042 sanc-

141 2067 209 2103 tan
235 2062 422 2093 Johannem
445 2063 481 2092 in
502 2063 602 2093 Fonte
626 2063 720 2093 debet
742 2063 860 2094 habere
884 2073 986 2094 unum
1011 2065 1113 2096 barile

140 2116 273 2155 plenum
291 2115 377 2151 vino,
396 2120 424 2145 et
443 2124 542 2145 unam
559 2116 675 2146 bonam
692 2116 889 2155 aquariciam
907 2117 1033 2155 plenam
1051 2118 1112 2148 cla-

142 2173 222 2205 reto,
239 2172 274 2198 ut
288 2168 342 2198 det
358 2168 476 2198 domno
492 2177 572 2207 pape
589 2169 787 2207 et‚omnibus
803 2171 994 2200 astantibus.

257 2274 440 2314 [XXXVI]
462 2275 542 2309 Quid
557 2275 661 2305 debent
675 2281 826 2306 senatores
841 2277 960 2306 habere.

185 2380 258 2420 [60].
284 2380 467 2417 Senatores,
493 2381 622 2419 quando
645 2382 828 2419 comedunt,
855 2382 972 2413 debent
996 2383 1115 2414 habere

145 2442 292 2464 saumam
305 2433 445 2463 mediam
456 2433 538 2470 vini,
551 2437 581 2463 et
592 2433 733 2464 mediam
745 2433 856 2465 clareti
873 2436 908 2465 in
922 2445 1116 2475 unaquaque

145 2487 197 2517 die
214 2486 453 2523 coronationis3
473 2487 567 2516 etiam
586 2487 679 2517 datur
696 2487 807 2525 toalea,
826 2489 880 2519 ubi
898 2490 1081 2526 comedunt,
1098 2500 1117 2521 a

146 2539 336 2579 panetariis3
351 2542 381 2569 et
396 2539 601 2578 postmodum
618 2540 763 2571 redditur
780 2541 871 2580 ipsis.
894 2543 957 2573 Pro
976 2544 1116 2582 quadra-

145 2593 237 2632 ginta
259 2592 491 2623 comestionem
510 2593 669 2632 recipiunt
691 2603 885 2634 unaquaque
909 2595 961 2626 die
984 2605 1116 2627 corona-

149 2646 257 2676 tionis.

189 2750 390 2792 [XXXVII]
411 2750 502 2790 [Quid
515 2760 527 2774 ε
545 2752 626 2782 debet
641 2753 749 2782 habere
763 2755 912 2790 prefectus
930 2754 1037 2792 urbia]

190 2856 264 2896 [61].
282 2856 445 2886 Prefectus
463 2857 549 2887 urbis
570 2857 662 2888 debet
677 2857 794 2888 habere
806 2858 839 2887 in
857 2859 1051 2889 comestione
1062 2868 1119 2898 pro

142 3022 168 3053 a)
183 3024 242 3047 Om-
260 3023 347 3046 codex
363 3023 411 3045 sed
428 3023 553 3051 spatium
571 3029 693 3046 uacuum
710 3023 841 3046 relictum
858 3025 906 3047 est.

1223 414 1408 453 quindecim
1429 415 1541 452 sociis⁷
1560 419 1590 444 et
1609 414 1710 444 barile
1728 423 1830 443 unum
1852 415 2005 444 ferratum
2029 414 2137 444 clareti
2160 419 2189 445 et

1221 467 1311 497 aliud
1328 467 1406 496 vini.

1183 572 1399 611 [XXXVIII.]
1419 574 1497 607 Quid
1515 573 1594 601 debet
1611 574 1741 602 domnus
1755 582 1831 611 papa
1849 574 1946 609 facere
1964 575 1993 603 in
2011 575 2130 603 sabbato
2145 583 2189 603 se-

1526 629 1630 664 quenti
1645 633 1708 665 post
1726 628 1850 656 Pascha.

1265 731 1338 772 [6⁶2]
1355 732 1490 762 Sabbato
1506 732 1537 761 in
1551 732 1631 761 albis
1645 733 1736 762 statio
1751 736 1796 761 est
1811 732 1894 770 apud
1910 737 2055 762 sanctum
2070 732 2190 763 Jolian-

1225 794 1299 814 nem
1315 785 1575 821 Lateranensem,
1593 785 1646 814 ubi
1665 793 1739 814 cum
1757 785 1894 814 domnus
1913 794 1990 824 papa
2011 785 2120 815 eadem
2142 785 2191 815 die

1225 837 1363 868 celebrat
1379 838 1551 867 missarum
1572 837 1761 876 sollempnia
1781 842 1809 867 et
1826 837 1929 875 Αῃηαε
1946 839 1995 867 Dei
2011 842 2156 868 cantatur
2175 848 2192 868 a

1226 890 1412 929 primicerio
1429 894 1459 920 et
1477 890 1560 920 scola
1580 894 1763 926 cantorum,
1786 890 1852 928 ipse
1871 890 2007 920 domnus
2030 900 2108 929 papa
2127 891 2191 920 dis-

1226 944 1339 973 tribuit
1355 952 1453 981 agnos
1469 943 1627 973 confectos
1645 943 1793 972 crismate
1810 947 1837 972 et
1859 952 1930 973 cera
1950 952 2003 981 per
2019 944 2191 982 episcopos,

1225 996 1416 1032 cardinales,
1431 1000 1461 1026 et
1479 996 1570 1032 alios,
1589 1000 1651 1025 tani
1669 995 1812 1031 clericos,
1829 1005 1924 1034 quam
1942 995 2050 1032 laicos,
2068 996 2126 1026 hac
2143 1006 2192 1026 ra-

1226 1050 1323 1085 tione,
1341 1053 1375 1078 ut
1387 1049 1470 1078 sicut
1486 1048 1546 1077 filii
1560 1048 1659 1078 Israel
1677 1048 1710 1076 in
1725 1049 1847 1086 Egypto
1860 1049 1950 1087 positi
1969 1052 2113 1087 precepto
2130 1049 2193 1078 Do-

1225 1103 1308 1132 mini
1330 1102 1368 1132 de
1391 1102 1549 1139 sanguine
1570 1101 1771 1130 immaculati
1789 1102 1864 1138 agni
1889 1102 1922 1130 in
1944 1101 2115 1131 liminibus
2137 1102 2194 1131 do-

1225 1164 1353 1186 morum
1381 1155 1579 1193 scripserunt
1602 1153 1662 1183 hoc
1690 1154 1818 1198 signum
1842 1154 1865 1192 ἦ
1887 1154 1923 1189 T,
1946 1163 1986 1183 ne
2010 1154 2049 1183 ab
2072 1154 2196 1191 Angelo

1226 1211 1490 1247 percuterentnr;
1515 1207 1558 1236 ita
1580 1211 1610 1236 et
1633 1215 1691 1236 nos
1714 1206 1752 1235 de
1775 1206 1934 1243 sanguine
1958 1207 2113 1245 passionis
2137 1207 2197 1235 im-

1227 1260 1377 1290 maculati
1393 1260 1468 1298 agni
1486 1259 1605 1289 Christi
1622 1259 1775 1288 debemus
1789 1258 1849 1288 hoc
1863 1259 1994 1296 signum
2009 1259 2147 1288 scribere
2162 1259 2196 1288 in

1226 1313 1341 1345 limine
1355 1313 1524 1343 domorum
1541 1316 1721 1341 nostrarum
1737 1321 1792 1350 per
1811 1311 1919 1347 fidem,
1938 1321 1978 1341 ne
1994 1321 2011 1340 a
2027 1311 2152 1342 diabolo
2169 1317 2198 1341 et

1228 1376 1246 1396 a
1264 1366 1351 1396 vitiis
1368 1365 1596 1404 percutiamur,
1615 1369 1645 1394 et
1662 1374 1680 1394 a
1697 1368 1848 1403 potestate
1871 1364 1988 1394 diaboli
2006 1364 2197 1400 liberemur3

1228 1419 1280 1449 vel
1298 1421 1424 1458 propter
1440 1417 1579 1447 infantes
1596 1417 1722 1447 noviter
1735 1416 1910 1455 baptizatos
1926 1417 1959 1446 in
1979 1417 2127 1451 ecclesia,
2145 1416 2198 1445 de-

1229 1476 1383 1512 ponentes
1409 1474 1550 1500 veterem
1574 1470 1731 1506 tunicam,
1754 1470 1809 1508 qui
1828 1470 2021 1499 adnuntiant
2044 1468 2197 1507 Alleluja,

1229 1525 1262 1554 id
1289 1529 1336 1554 est
1362 1523 1500 1562 gloriam
1524 1522 1733 1552 beatitudinis
1755 1522 1881 1552 celestis
1909 1522 2027 1560 patrie;
2054 1522 2103 1551 vel
2126 1521 2199 1560 quia

1231 1577 1419 1616 quicunque
1439 1575 1570 1605 habebit
1590 1575 1628 1604 de
1649 1584 1722 1604 cera
1742 1575 1957 1613 predictorum
1978 1582 2154 1612 agnorum,
2172 1578 2201 1603 et

1232 1640 1267 1661 ex
1287 1639 1323 1660 ea
1340 1637 1468 1660 crucem
1485 1629 1518 1658 in
1538 1628 1632 1658 domo
1649 1637 1705 1659 suo
1728 1627 1877 1657 habuerit
1903 1627 1950 1657 vel
1969 1636 2078 1657 secum
2099 1631 2202 1665 porta-

1231 1673 1328 1722 uerit,
1353 1691 1417 1712 non
1442 1681 1567 1711 ledetur
1590 1681 1630 1710 ab
1654 1680 1764 1718 aliquo
1787 1680 1953 1709 fantastico
1976 1680 2087 1718 spiritu
2111 1679 2160 1708 vel
2184 1688 2203 1708 a

1233 1736 1387 1767 tonitruo·
1409 1735 1446 1764 Et
1466 1733 1644 1764 notandum
1664 1732 1748 1771 quod
1769 1732 1874 1762 acoliti
1895 1732 2006 1762 domni
2029 1741 2106 1770 pape
2130 1741 2202 1770 pre-

1232 1790 1334 1819 dictos
1350 1796 1450 1826 agnos
1466 1787 1582 1817 debent
1597 1786 1718 1822 facere,
1739 1786 1778 1814 ab
1794 1785 1893 1814 altare
1913 1785 2014 1815 sancti
2031 1784 2118 1814 Petri
2132 1793 2150 1813 x
2166 1783 2202 1813 li-

1234 1843 1305 1873 bras
1325 1850 1395 1872 cere
1416 1840 1608 1878 recipientes
1631 1844 1661 1868 et
1684 1842 1865 1877 presentare
1886 1838 2003 1867 domno
2025 1846 2103 1876 pape
2126 1837 2203 1867 hora

1234 1895 1426 1934 supradicta.
1448 1893 1573 1922 Debent
1591 1892 1689 1921 etiam
1711 1891 1750 1920 de
1772 1891 1922 1930 predictis
1941 1891 2034 1928 agnis
2058 1891 2115 1919 Dei
2136 1889 2203 1928 ple-

1235 1958 1309 1978 nam
1325 1946 1490 1977 scutellam
1507 1949 1693 1983 argenteam
1711 1944 1830 1974 domno
1850 1953 1940 1982 pape,
1958 1943 2034 1973 dum
2053 1943 2201 1978 comedit,

1235 2006 1429 2041 presentare,
1449 2003 1479 2029 et
1495 1998 1590 2028 aliam
1604 1997 1779 2027 camerario
1794 1997 1918 2026 familie
1934 1996 2203 2026 distribuendam.

1197 2106 1383 2148 [XXXIX]
1403 2106 1540 2141 Qualiter
1557 2105 1687 2133 doninus
1702 2112 1783 2140 papa
1799 2104 1898 2140 pergil
1917 2104 1949 2131 in
1967 2102 2079 2131 letania
2094 2102 2207 2138 maj0ri

1522 2159 1554 2187 in
1572 2158 1645 2193 festo
1660 2157 1759 2186 sancti
1776 2156 1880 2185 Marci.

1279 2266 1353 2306 [63].
1375 2266 1412 2295 In
1432 2265 1511 2294 sesto
1532 2263 1633 2292 sancti
1658 2261 1774 2297 Marci,
1796 2260 1914 2290 letania
1936 2260 2050 2298 majori
2069 2259 2206 2297 scilicet,

1239 2321 1377 2351 domnus
1400 2325 1480 2356 papa
1504 2314 1670 2346 descendit
1693 2322 1766 2343 cum
1793 2313 1963 2351 episcopie,
1989 2311 2209 2342 cardinalibus

1239 2372 1418 2409 universis,
1439 2375 1468 2401 et
1483 2369 1558 2399 aliis
1577 2368 1746 2398 ordinibus
1763 2366 1802 2395 ad
1826 2365 1991 2395 ecclesiam
2014 2365 2208 2394 Lateranen-

1239 2435 1324 2462 sem;
1346 2424 1400 2455 ubi
1416 2423 1552 2454 veniens
1563 2424 1632 2460 post
1645 2420 1743 2450 altare
1760 2423 1787 2449 et
1804 2423 1928 2448 cantata
1946 2417 2049 2453 tertia,
2068 2417 2210 2447 induunt

1239 2490 1272 2511 se
1287 2488 1399 2510 omnes
1416 2476 1570 2517 planetis3
1591 2479 1621 2505 et
1637 2473 1799 2504 excalciati
1820 2472 2012 2501 ordinantur
2028 2471 2062 2499 in
2082 2478 2209 2509 proces-

1241 2534 1330 2563 sione
1358 2531 1397 2561 ab
1421 2528 1648 2560 archidiacono
1673 2531 1701 2556 et
1723 2525 1918 2555 subdiacono
1938 2523 2080 2559 basilice,
2104 2522 2210 2561 priore

1240 2585 1363 2616 scilicet
1379 2582 1668 2615 subdiaconorum,
1687 2577 1880 2608 habentibus
1896 2577 1929 2606 in
1949 2575 2099 2605 manibus
2122 2575 2209 2604 feru-

1240 2639 1304 2673 las,
1324 2642 1358 2667 nt
1379 2636 1527 2674 superius
1545 2634 1580 2663 in
1603 2632 1674 2662 aliis
1697 2629 1956 2670 processionibus
1980 2633 2026 2658 est
2053 2632 2210 2663 notatum,

1242 2690 1423 2731 primicerio
1444 2691 1591 2726 presente
1613 2694 1687 2714 cum
1711 2692 1767 2712 sua
1787 2682 1887 2718 scola,
1906 2686 1934 2710 et
1955 2689 2049 2710 suum
2068 2679 2211 2709 officium

1242 2746 1424 2778 exercente,
1446 2741 1530 2770 sicut
1552 2738 1704 2768 convenit
1725 2737 1759 2765 in
1780 2735 1929 2770 collecta;
1952 2734 2062 2772 sicque
2084 2740 2212 2772 proces-

1242 2796 1408 2826 sionaliter
1423 2792 1589 2823 ecclesiam
1605 2794 1733 2825 exeunt,
1751 2797 1844 2818 cruce
1861 2787 1961 2816 sancti
1979 2785 2143 2815 Laurentii
2162 2784 2211 2814 fo-

1242 2851 1286 2880 ris
1310 2856 1438 2878 murum
1463 2844 1653 2884 precedente
1674 2847 1703 2872 et
1724 2840 1841 2871 deinde
1865 2848 1958 2869 cruce
1979 2842 2086 2868 sancte
2109 2837 2212 2866 Marie

1243 2901 1392 2941 majoris,
1416 2908 1477 2938 que
1500 2898 1538 2928 de
1557 2894 1792 2927 consuetudine
1813 2893 1880 2922 diei
1906 2891 1959 2921 tali
1981 2891 2020 2921 ad
2044 2890 2212 2921 ecclesiam

1242 2957 1493 2986 Lateranensem
1507 2951 1599 2980 debet
1612 2948 1738 2984 afferri3
1758 2947 1849 2976 tertia
1863 2946 1964 2975 sei-tur
1976 2953 2050 2974 crux
2068 2942 2212 2982 ejusdem

1244 3008 1376 3040 ecclesie
1403 3003 1640 3036 Lateranensis.
1669 3001 1743 3030 Post
1769 3000 1826 3029 has
1853 3007 1925 3028 vero
1950 3006 2027 3027 crux
2054 2995 2213 3026 cotidiana
