2434 3530
630 325 679 354 LE
703 325 848 354 LIBER
871 323 1105 354 CENSUUM
1131 323 1183 351 DE
1209 315 1393 352 L'EGLISE
1418 325 1625 354 ROMAINE.
2120 324 2175 354 313

122 396 171 421 tus
188 395 354 430 postquam
369 391 560 427 adoraverit,
576 391 704 429 ponitur
718 391 749 420 in
764 391 836 419 sede
852 394 919 428 post
934 389 1044 424 altare,
1059 392 1087 418 et

122 444 165 473 ibi
178 443 339 482 episcopos
353 447 382 473 et
395 443 573 473 cardinales
588 447 617 472 et
629 452 708 481 quos
723 443 780 472 sibi
797 442 961 480 placuerit,
976 442 1088 479 recipit

122 496 159 526 ad
177 497 270 534 pedes
287 500 317 525 et
333 496 534 534 postmodum
552 496 591 525 ad
609 495 754 525 osculnm
772 495 867 533 pacis.
894 495 929 523 Et
947 494 1088 532 proxima

121 548 172 578 dic
198 548 361 578 dominica
390 549 536 587 sequenti
566 553 770 578 consecratur
799 547 935 582 ibidem,
963 550 1088 575 cantata

122 601 221 630 missa
246 611 317 631 cum
345 601 636 640 sollempnitatibus
663 601 810 638 superius
839 599 1032 634 uoiuinatis;
1060 603 1089 628 et

122 657 290 683 coronatus
308 654 477 684 revertitur
493 655 530 683 ad
548 653 712 692 palatium=
732 653 820 681 factis
836 652 986 681 omnibus
1003 651 1087 686 aliis,

123 707 203 736 sicut
220 711 266 736 est
285 707 432 745 superius
451 716 504 744 per
522 706 666 736 ordinem
691 709 885 734 enarratum.
905 705 1087 742 Antequam

124 763 230 788 autem
243 759 339 788 intret
352 759 515 797 palatium,
528 758 692 788 descendit
702 758 739 787 ad
751 757 858 786 sedem
871 761 1088 792 stercoratam,

124 811 233 850 ibique
252 811 367 841 sedens
380 835 387 847 ,
407 815 498 850 prout
515 811 612 840 moris
633 814 695 846 est,
714 815 744 839 et
766 811 884 839 taciens
903 811 1022 847 jactum
1044 813 1090 838 ter

124 864 322 903 replicatum,
334 865 415 893 sicut
428 864 575 901 superins
588 863 708 892 dictum
722 867 778 898 est,
789 862 944 900 accipitur
955 871 972 891 a
984 862 1088 891 cardi-

123 917 266 953 natibus,
284 920 313 946 et
336 916 464 946 ducitur
484 925 537 954 per
557 917 711 954 porticum
736 916 837 954 ipsam
860 915 897 944 ad
923 915 1090 944 ecclesiam

121 969 250 999 basilice
267 970 509 1005 Lateranensis;
531 972 560 998 et
575 968 751 998 ascendens
769 968 875 997 sedem
895 973 962 1005 post
977 967 1089 1004 altare,

122 1021 233 1060 recipit
254 1021 427 1051 canonicos
444 1022 588 1059 eiusdem
610 1021 744 1050 ecclesie
760 1021 798 1049 ad
817 1020 909 1059 pedes
931 1024 960 1050 et
976 1020 1093 1049 deinde

121 1074 159 1104 ad
176 1073 321 1104 osculum
340 1074 436 1112 pacis.
454 1074 524 1109 Quo
538 1073 628 1109 facto,
641 1074 742 1111 pergit
755 1083 809 1111 per
822 1073 975 1111 palatium
991 1082 1092 1111 usque

123 1127 161 1156 ad
180 1127 270 1156 sedes
286 1126 385 1155 sancti
406 1126 571 1162 Silvestri;
589 1126 700 1164 ibique
717 1126 819 1159 sedet,
844 1129 873 1154 et
893 1125 966 1154 facit
983 1125 1093 1155 omnia

123 1179 158 1208 in
179 1179 290 1209 eodem
310 1179 377 1208 loco
401 1183 430 1208 et
448 1179 481 1207 in
504 1183 615 1215 antea,
636 1179 717 1208 sicut
736 1179 856 1207 dictum
883 1182 928 1208 est
948 1179 1093 1217 superins

125 1232 312 1262 ordinatim.

167 1284 240 1324 [84],
268 1284 302 1314 Si
324 1289 431 1314 autem
461 1289 548 1314 extra
574 1285 686 1314 urbem
713 1285 809 1314 suerit
832 1285 950 1314 electus
973 1289 1003 1315 et
1027 1294 1091 1316 non

125 1340 346 1373 consecratus,
364 1337 476 1367 omnia
498 1337 580 1367 fiunt
602 1338 715 1367 ordine
737 1338 934 1376 supradicto,
954 1338 1019 1367 sive
1039 1338 1095 1367 fiat

125 1390 298 1420 descensus
325 1394 354 1420 et
378 1390 576 1420 consecratio
603 1390 746 1429 ejusdem
775 1391 865 1420 electi
897 1391 930 1419 in
961 1390 1095 1420 ecclesia

126 1443 226 1472 sancti
246 1442 348 1479 Petri,
366 1451 421 1472 seu
444 1443 477 1472 in
500 1443 634 1472 ecclesia
648 1443 854 1473 Lateranensi
873 1444 956 1473 idem
975 1444 1094 1473 electus

126 1495 309 1526 descendat.

166 1548 256 1584 Quod
281 1549 306 1578 si
328 1548 448 1578 electus
471 1553 501 1578 et
523 1552 727 1578 consecratus
753 1549 850 1578 fuerit
873 1553 960 1578 extra
983 1550 1094 1579 urbem

127 1605 156 1630 et
178 1610 195 1630 a
218 1604 304 1639 parte
322 1601 528 1631 Lateranensi
549 1601 673 1631 venerit
693 1601 730 1630 ad
754 1602 882 1638 urbem,
900 1610 1012 1631 omnes
1032 1602 1094 1632 cle-

128 1653 184 1683 rici
197 1653 337 1683 Romani
353 1654 566 1683 occurruntei
579 1658 666 1682 extra
680 1654 791 1683 urbem
807 1654 924 1690 induti,
936 1663 1008 1684 cum
1023 1664 1095 1684 cru-

127 1706 216 1735 cibus
234 1709 263 1735 et
283 1705 452 1735 turribulis
472 1706 504 1734 in
527 1706 741 1743 processione;
763 1710 792 1735 et
811 1706 856 1735 sic
876 1706 976 1736 intrat
994 1707 1094 1736 eccle-

127 1758 206 1787 siam
228 1758 488 1793 Latet-anensem,
504 1762 534 1787 et
550 1758 632 1787 fiunt
647 1757 710 1786 alia
728 1759 838 1787 omnia
854 1759 935 1787 sicut
951 1759 1096 1797 superius

128 1813 174 1840 est
194 1814 379 1840 narratum:
401 1810 460 1840 hoc
479 1814 622 1848 excepto,
642 1811 726 1849 quod
745 1820 818 1840 cum
838 1811 1039 1841 descenderit
1057 1812 1096 1840 ad

129 1863 235 1892 sedem
259 1866 462 1892 stercoratam
486 1867 516 1892 et.
537 1872 591 1901 per
611 1863 767 1901 porticum
791 1864 909 1893 vadens
929 1864 1095 1894 ecclesiam

130 1916 376 1945 [iateranensem
392 1915 571 1952 intraverit¹
587 1924 648 1945 non
667 1917 773 1945 statim
791 1917 934 1946 ascendit
946 1917 983 1945 ad
998 1916 1097 1947 altare

127 1978 182 1998 seu
205 1969 244 1997 ad
267 1968 393 2004 sedem;
414 1967 469 1997 sed
493 1968 628 1998 veniens
649 1968 785 1998 inferius
807 1969 840 1997 in
865 1969 961 1999 choro
984 1970 1096 2008 majori

127 2025 201 2050 ante
215 2029 335 2056 cruces,
349 2020 441 2050 finito
458 2021 491 2049 Te
503 2022 594 2050 Deum
608 2021 885 2057 lazcdamns,dicit:
900 2023 1095 2059 Λάμπον-[ανῆ

129 2079 267 2103 nostrum
292 2075 323 2102 in
340 2074 463 2102 nornine
480 2074 613 2110 Domini,
632 2079 684 2103 etc.
703 2074 750 2103 Sit
767 2083 873 2103 nomen
892 2075 1024 2111 Doiviini,
1043 2080 1095 2104 ele.

129 2127 297 2156 Benedictio
323 2127 375 2155 Det·
399 2128 632 2164 omnipotentis,
655 2127 756 2156 Patris
778 2133 803 2156 et
825 2128 897 2156 Filii
920 2133 945 2156 et
963 2128 1099 2165 Spiritus

128 2181 226 2209 sancti
243 2179 400 2208 descendat
415 2188 506 2216 sapei·
524 2188 574 2208 vos
589 2184 615 2208 et
633 2184 754 2208 maneat
771 2189 897 2217 semper.
918 2180 984 2209 Hoc
1001 2181 1096 2216 sacto,

129 2232 256 2262 ducitur
279 2231 318 2261 ad
342 2231 457 2268 altare,
485 2235 515 2260 et
540 2236 713 2270 prostratus
737 2237 815 2262 orat.
843 2233 904 2268 Qui
932 2237 1097 2271 postquam

129 2285 285 2320 oraverit,
310 2283 417 2314 sedem
443 2284 596 2322 majorem
624 2284 783 2321 ascendit,
806 2291 835 2314 et
860 2285 902 2314 ibi
929 2286 1099 2315 canonicos

130 2337 276 2376 ejusdem
307 2336 438 2366 ecclesie
471 2336 510 2365 ad
547 2337 640 2375 pedes
675 2337 789 2375 recipit
818 2342 849 2367 et
881 2338 919 2367 ad
953 2338 1098 2368 osculum

130 2389 230 2429 pacis.

170 2442 205 2472 Si
222 2451 295 2472 vero
310 2441 512 2472 descenderit
527 2442 566 2471 ad
583 2442 748 2472 ecclesiam
767 2444 868 2473 sancti
886 2444 969 2473 Petri
985 2453 1100 2474 conse-

130 2499 251 2531 cratus,
268 2494 378 2524 omnia
397 2494 480 2523 fiunt
495 2494 579 2525 sicut
595 2495 628 2524 in
647 2495 813 2525 ecclesiam
831 2497 1098 2534 Latet-anensem,

131 2548 191 2578 hoc
214 2551 361 2586 excepto,
390 2547 474 2585 quod
500 2547 545 2576 ibi
572 2556 635 2577 non
663 2552 709 2577 est
737 2548 825 2578 sedes
851 2554 1034 2579 stercorata.
1066 2550 1102 2579 Et

131 2601 276 2640 proxima
291 2600 343 2629 die
362 2599 526 2638 sequenti,
544 2600 700 2630 celebrata
718 2601 831 2638 missa,
851 2610 914 2631 non
931 2607 1101 2632 coronatus

131 2653 303 2683 revertitur
325 2651 365 2682 ad
389 2652 555 2690 palatium.
583 2653 767 2691 Antequam
791 2653 890 2684 intret
915 2654 1100 2692 ecclesiam,

131 2705 296 2735 descendit.
313 2704 351 2734 ad
369 2704 476 2734 sedem
494 2708 697 2734 stercoratam
710 2728 717 2742 ‚
736 2705 844 2744 ibique
863 2707 993 2745 sedens,
1010 2711 1103 2746 prout

132 2758 230 2788 moris
248 2760 306 2793 est,
326 2759 355 2786 et
371 2756 492 2786 faciens
505 2757 639 2794 jactum,
654 2757 735 2787 sicut
750 2759 896 2796 superius
910 2763 955 2788 est
971 2768 1101 2789 enarra-

134 2815 212 2847 tum,
229 2809 382 2847 accipitur
401 2818 419 2838 a
436 2808 540 2847 priore
558 2809 767 2839 Lateranensi
782 2815 811 2840 et
826 2819 900 2840 cum
917 2820 981 2841 uno
997 2812 1102 2841 cardi-

134 2863 215 2900 nali,
234 2866 264 2892 et
282 2861 410 2891 ducitur
430 2870 485 2899 per
502 2861 659 2899 porticum
679 2862 719 2891 ad
742 2863 928 2900 eccles-ianm
948 2869 978 2893 et
992 2865 1102 2893 omnia

133 2916 207 2945 facit
223 2915 303 2944 sicut
319 2913 466 2952 superius
482 2918 528 2943 est
543 2914 740 2944 denotatum.

174 2968 246 3007 [85].
274 2966 450 2997 Sciendum
474 2975 549 2997 vero
572 2968 655 3006 quod
682 2969 916 3007 presbyterium
941 2969 1101 2999 scolarum

237 3033 320 3059 Lmen
341 3031 482 3059 Censunn.
507 3046 541 3052 —
560 3032 582 3059 Ι.

1212 398 1273 418 non
1289 390 1330 418 ita
1344 390 1435 418 datur
1447 391 1528 419 sicut
1541 391 1866 419 suissetcousecratns
1881 391 1912 420 iu
1930 392 2016 421 urbe.
2033 391 2077 419 De
2093 400 2176 428 pres-

1212 442 1335 479 byterio
1352 443 1437 471 enim
1456 452 1565 471 eorum
1590 447 1663 471 tunc
1681 443 1832 472 medietas
1851 448 2019 479 resecatur,
2038 444 2176 481 exceptis

1210 494 1322 522 Jntlcis
1340 497 1368 522 ct
1385 493 1509 523 clericis
1527 495 1614 523 urbis
1632 499 1659 523 et
1679 495 1944 525 adextratoribus.
1969 496 2116 524 preterea
2130 504 2178 525 se-

1213 550 1338 575 natores
1358 546 1446 575 urbis
1468 546 1625 575 domnum
1650 556 1761 585 papam
1779 547 1893 576 debent
1909 548 2091 582 adextrare,
2110 548 2176 577 sive

1213 598 1335 627 venerit
1349 603 1564 634 consecratus,
1581 599 1645 627 sive
1665 608 1724 628 non
1743 604 1954 635 consecratus,
1968 610 1984 628 a
1998 605 2083 638 porta
2101 600 2177 629 civi-

1214 651 1284 679 tatis
1309 659 1408 688 usque
1432 651 1470 679 ad
1497 651 1599 679 locum
1621 652 1675 680 ubi
1700 652 1794 680 suerit
1814 653 2000 687 descensus,
2022 653 2086 681 sive
2105 652 2177 681 ‹les-

1212 703 1403 732 cenderitad
1421 703 1585 732 ecclesiam
1608 704 1864 740 Latet-anensem,
1878 705 1944 734 sive
1956 705 1991 733 ad
2011 705 2176 734 ecclesiam

1213 756 1295 784 beati
1315 756 1416 791 Petri3
1441 757 1472 784 in
1493 756 1753 785 remuneratione
1770 758 1861 794 cujus
1876 757 1996 785 servitii
2012 766 2048 785 xi.
2063 756 2178 786 solidos

1213 817 1267 846 pro
1287 817 1368 846 equo
1391 808 1505 836 debent
1530 808 1655 837 babere.
1677 809 1904 837 Verumtamen
1927 809 2011 838 scola
2032 809 2178 837 adextra-

1215 865 1318 889 torum
1336 860 1452 889 debent
1469 860 1584 889 babere
1601 870 1636 889 xx
1651 860 1778 889 solidos.

1175 1059 1308 1088 LVllll.
1333 1075 1371 1080 —
1393 1059 1610 1088 Juuauexrnu
1630 1066 1711 1091 QL'OD
1732 1066 1870 1087 semron
1892 1058 1990 1086 [Iunis
2012 1066 2099 1086 meir
2125 1066 2179 1086 no-

1215 1120 1279 1141 ΜΝΟ
1303 1121 1378 1140 pape
1395 1111 1429 1139 ⁴³.

1256 1229 1330 1268 [86].
1349 1230 1446 1267 Ego..
1462 1229 1550 1258 urbis
1562 1229 1663 1258 Rome
1681 1233 1807 1258 senator
1820 1228 1859 1257 ab
1876 1228 1934 1257 hac
1951 1228 2029 1257 hora
2045 1228 2076 1256 in
2091 1232 2183 1256 antea

1216 1283 1322 1312 fidelis
1341 1292 1394 1312 ero
1412 1282 1468 1312 tibi
1486 1281 1615 1311 domino
1633 1289 1702 1310 meo
1720 1290 1796 1319 pape
1813 1280 1985 1310 Clementi.
2000 1280 2070 1309 Non
2084 1289 2136 1309 ero
2149 1280 2183 1308 in

1217 1335 1309 1371 sacto,
1329 1344 1433 1372 neque
1452 1335 1485 1363 in
1502 1333 1645 1368 consilio,
1667 1342 1770 1372 neque
1788 1333 1821 1362 in
1839 1341 2007 1368 consensu,
2023 1336 2055 1361 ut
2073 1332 2185 1370 perdas

1218 1388 1334 1424 vitam,
1360 1391 1414 1416 aut
1440 1387 1641 1419 membrum,
1672 1390 1726 1415 aut
1751 1385 1888 1424 capiaris
1911 1385 1996 1413 mala
2024 1385 2181 1422 captione.

1217 1440 1400 1470 Consilium
1423 1439 1506 1478 quod
1529 1438 1629 1468 michi
1653 1438 1760 1467 credes
1783 1447 1837 1476 per
1862 1442 1906 1473 te,
1928 1437 1975 1466 vel
1995 1437 2114 1466 litteras
2133 1441 2187 1466 aut

1219 1493 1387 1528 nuntium,
1414 1501 1464 1521 me
1488 1491 1608 1521 sciente
1630 1490 1668 1520 ad
1693 1491 1871 1528 dampnum
1893 1495 1980 1519 tuum
2002 1489 2083 1518 nulli
2108 1498 2186 1527 pan-

1218 1546 1304 1575 dam.
1328 1546 1431 1574 Tuum
1454 1549 1575 1574 certum
1602 1543 1779 1581 dampnum
1805 1543 1831 1572 si
1852 1543 1991 1578 scivero,
2017 1550 2073 1580 pro
2098 1550 2187 1580 posse

1219 1607 1290 1628 meo
1313 1598 1393 1627 illud
1417 1597 1605 1635 impediam.
1633 1596 1723 1632 Quod
1749 1596 1776 1624 si
1803 1604 1856 1633 per
1877 1604 1927 1624 me
1949 1594 2106 1633 impedire
2124 1602 2186 1623 non

1220 1655 1341 1690 potero,
1368 1659 1464 1689 quam
1488 1650 1582 1679 citius
1608 1653 1714 1688 potero
1738 1647 1819 1677 illud
1842 1648 1895 1676 tibi
1920 1646 2109 1684 significabo
2134 1655 2188 1684 per

1221 1704 1389 1742 meipsum,
1417 1702 1464 1731 vel
1489 1702 1609 1731 litteras
1632 1706 1686 1730 aut
1709 1701 1872 1732 nuntium.
1896 1709 1949 1729 seu
1976 1699 2031 1728 tali
2054 1707 2187 1737 persone

1219 1756 1258 1785 de
1274 1764 1337 1794 qua
1356 1764 1409 1793 pro
1425 1759 1510 1784 certo
1526 1754 1666 1789 credam,
1683 1753 1767 1791 quod
1784 1752 1864 1781 illud
1883 1752 1937 1781 tibi
1953 1752 2066 1781 debeat
2082 1751 2187 1780 fideli-

1222 1813 1267 1838 ter
1282 1808 1446 1837 intimare.
1466 1808 1621 1845 Papatum
1640 1806 1821 1835 Romanum
1838 1809 1867 1834 et
1885 1804 2004 1842 regalia
2022 1803 2105 1833 beati
2128 1804 2188 1832 Pe-

1222 1862 1259 1891 tri
1274 1871 1336 1900 que
1351 1861 1448 1890 babes
1459 1860 1497 1889 ad
1511 1859 1717 1888 retinendum
1732 1863 1761 1887 et
1772 1857 2024 1891 defendendum,
2040 1865 2102 1894 que
2116 1864 2188 1885 vero

1222 1923 1284 1943 non
1304 1914 1400 1943 habes
1416 1913 1454 1942 ad
1471 1911 1726 1950 recuperandum
1745 1915 1775 1940 et
1792 1913 1977 1948 recuperata
1992 1909 2030 1938 ad
2049 1909 2188 1938 retinen-

1220 1967 1299 1996 dum
1319 1970 1349 1995 et
1367 1964 1622 1999 defendendum,
1639 1967 1748 1993 contra
1763 1971 1875 1992 omnes
1896 1961 2044 1991 homines
2059 1960 2187 1999 adjutor

1221 2028 1274 2049 ero
1289 2019 1467 2049 secundum
1485 2026 1574 2056 posse
1585 2026 1620 2046 ac
1633 2017 1713 2045 scire
1731 2024 1854 2051 meum3
1874 2013 2066 2044 nominatim
2080 2017 2188 2042 autem

1221 2073 1374 2102 Sanctum
1398 2072 1545 2106 Petrum,
1569 2070 1682 2099 urbem
1699 2069 1852 2104 Romam,
1869 2067 2033 2097 civitatem
2053 2066 2190 2096 Leonia-

1222 2134 1309 2161 nam,
1327 2123 1592 2161 Transtyberim,
1618 2121 1778 2155 Insulam,
1804 2119 1972 2149 castellnm
1993 2118 2188 2154 Crescentii,

1221 2181 1363 2207 sanctam
1383 2176 1516 2205 Mariam
1537 2174 1736 2208 Rotundam,
1755 2176 1919 2206 senatum.
1938 2175 2116 2206 monetam,
2138 2171 2190 2200 lto-

1223 2239 1315 2260 nores
1332 2234 1362 2259 et
1377 2229 1551 2267 dignitates
1568 2227 1675 2263 urbis,
1700 2227 1850 2261 Portum,
1872 2224 2035 2259 Hostiam,
2061 2227 2091 2253 et
2113 2223 2192 2252 teni-

1222 2287 1367 2312 mentum
1385 2281 1570 2316 Tusculani,
1590 2284 1620 2310 et
1637 2278 1830 2317 generaliter
1844 2278 1954 2307 omnia
1971 2276 2092 2314 regalia
2108 2276 2193 2305 intra

1223 2336 1334 2365 urbem
1353 2339 1382 2364 et
1399 2339 1496 2363 extra.
1515 2331 1751 2367 Cardinalibus,
1771 2330 1901 2360 familiis
1925 2330 1985 2359 tuis
2008 2334 2038 2358 et
2063 2336 2189 2363 eorum,

1223 2387 1427 2418 venientibus
1441 2386 1479 2416 ad
1498 2386 1678 2416 Romanam
1698 2383 1879 2420 ecclesiam,
1897 2381 2096 2411 morantibus
2109 2380 2193 2419 apud

1223 2450 1293 2471 eam
1308 2444 1339 2470 et
1355 2439 1578 2470 recedentibus
1599 2438 1638 2467 ab
1654 2441 1702 2473 e'a,
1721 2436 1848 2475 plenam
1865 2440 1895 2464 et
1911 2443 2019 2464 veram
2040 2433 2193 2463 securita-

1225 2499 1287 2524 tem
1303 2492 1460 2532 prestabo.
1479 2492 1546 2521 Hec
1562 2490 1673 2520 omnia
1686 2490 1759 2528 juro
1777 2497 1828 2518 me
1845 2487 2091 2517 observaturum
2107 2485 2193 2515 bona

1224 2547 1297 2577 fide.
1316 2546 1368 2576 Sic
1384 2554 1435 2575 me
1451 2546 1535 2574 Deus
1547 2543 1675 2582 adjuvet
1691 2546 1722 2571 et
1738 2541 1795 2570 hec
1811 2544 1920 2569 sancta
1938 2537 2118 2576 evangelia.

1186 2745 1256 2776 LX.
1280 2761 1318 2766 —
1342 2745 1389 2772 DE
1412 2749 1651 2772 PROCURATIONE
1666 2740 1691 2759 ⁴⁴
1714 2747 1774 2772 Qun
1804 2746 1907 2766 nA'rnn
1929 2743 2021 2765 cumr:
2046 2734 2191 2764 Rouana.

1266 2861 1338 2901 [87].
1356 2860 1436 2890 Cum
1454 2859 1547 2888 datur
1563 2856 1753 2896 procuratio,
1771 2855 1798 2884 si
1815 2854 1911 2884 tuerit
1924 2852 2138 2883 cancellarius
2155 2853 2196 2882 de

1226 2919 1313 2954 parte
1338 2911 1566 2947 cardinalium,
1588 2910 1718 2948 recipiat
1740 2917 1793 2946 pro
1813 2907 1936 2937 duobus
1956 2904 2191 2941 cardinalibus,

1226 2968 1343 2998 sivein
1360 2965 1516 3001 denariis,
1531 2963 1645 2993 sivein
1664 2961 1858 2991 victualibus
1875 2960 1979 2990 detur.

2021 3024 2054 3050 40
