2434 3530
85 901 111 921 10

86 1164 110 1183 ¹5

84 1426 110 1446 20

83 1691 109 1710 25

84 1954 109 1973 30

689 355 739 384 LE
763 354 908 384 LIBER
931 350 1165 382 CENSUUM
1190 350 1243 379 DE
1268 341 1452 381 UEGLISE
1476 352 1684 382 ROMAINE.

181 424 235 448 ant
260 418 383 457 publice
405 424 460 448 aut
485 420 604 458 private
631 421 781 450 veniendi
810 424 864 450 aut
887 419 1072 449 electionem
1102 417 1144 446 fa-

181 472 302 507 ciendi,
321 471 494 510 nullusque
516 473 549 502 in
571 473 757 503 civitatibus
776 472 823 502 vel
845 472 1012 502 territoriis
1032 471 1070 500 ad
1092 479 1144 500 ec-

180 524 277 554 clesie
301 524 383 554 beati
415 525 500 554 Petri
529 525 661 563 apostoli
696 529 878 564 potestatem
909 523 1144 562 pertinentibus

180 576 297 616 aliquis
312 576 432 606 malum
454 582 578 616 propter
596 578 655 607 hoc
671 578 772 607 facere
789 582 960 615 presumat,
982 576 1035 605 sed
1053 576 1144 605 liceat

180 629 338 659 Romanis
356 637 427 659 cum
445 630 535 659 omni
555 630 759 659 veneratione
776 634 805 658 et
819 629 888 658 sine
898 629 1007 666 aliqua
1025 631 1144 666 pertur-

181 681 309 711 batione
320 681 529 711 honorificam
542 682 685 721 pontifici
697 691 753 722 suo
766 681 917 711 exhibere
934 681 1142 720 sepulturam,

181 738 293 764 etcum
303 743 397 772 quem
407 734 518 764 divina
531 735 743 772 inspiratione
754 739 784 764 et
800 734 882 764 beati
897 735 981 764 Petri
994 734 1146 763 interces-

180 786 270 816 sione
294 795 406 816 omnes
436 786 576 817 Romani
605 795 667 816 uno
695 786 828 816 consilio
857 791 951 824 atque
977 786 1146 816 concordia

180 840 250 869 sine
263 839 372 878 aliqua
388 839 598 877 promissione
615 839 654 868 ad
671 839 874 877 pontificatus
885 839 1030 868 ordinem
1043 838 1145 876 elege-

180 891 256 928 rint,
274 892 344 921 sine
361 891 469 930 aliqua
486 891 698 929 ambiguitate
715 891 765 921 vel
784 891 1035 925 contradictione
1057 899 1145 921 more

179 944 336 974 canonico
359 945 552 974 consecrari.
579 944 616 973 Et
639 944 714 973 dum
739 949 941 974 consecratus
964 944 1077 979 suerit,
1099 943 1145 973 le-

179 998 241 1036 gati
256 998 294 1027 ad
311 1006 370 1027 nos
387 997 434 1027 vel
453 998 491 1026 ad
504 1006 703 1027 successores
716 1002 839 1027 nostros
850 1006 938 1035 reges
949 998 1145 1027 Francorum

180 1051 371 1088 dirigantur,
385 1051 439 1089 ¹qui
453 1051 538 1080 inter
553 1059 610 1080 nos
624 1054 653 1080 et
665 1050 737 1080 illos
749 1050 924 1080 amicitiam
936 1054 966 1079 et
982 1051 1145 1079 caritatem

180 1107 209 1133 et
234 1111 343 1141 pacem
365 1103 499 1139 socient,
521 1103 603 1133 sicut
627 1103 826 1141 temporibus
844 1103 895 1141 pie
916 1102 1147 1132 recordationis

179 1155 290 1185 domni
310 1154 420 1185 Karoli
440 1155 537 1184 attavi
556 1156 654 1184 nostri
671 1164 726 1184 seu
749 1155 860 1184 domni
879 1154 987 1192 Pipini
1003 1155 1055 1184 avi
1073 1163 1146 1185 nos·

180 1208 217 1237 tri
236 1207 285 1237 vei
301 1208 397 1237 etiam
415 1207 527 1237 Karoli
545 1207 746 1246 imperatoris
766 1207 920 1245 genitoris
944 1207 1045 1237 nostri
1068 1216 1145 1237 con-

179 1260 312 1290 suetudo
326 1264 392 1289 erat
407 1260 559 1289 faciendi.

220 1313 286 1343 Hoc
304 1317 410 1342 autem
430 1317 462 1342 ut
484 1313 523 1343 ab
539 1313 690 1343 omnibus
712 1312 862 1342 fidelibus
886 1318 994 1342 sancte
1018 1313 1075 1342 Dei
1097 1321 1147 1343 ec-

178 1366 276 1396 clesie
289 1370 318 1396 et
335 1367 452 1396 nostris
470 1367 601 1396 firmum
619 1375 688 1396 esse
709 1366 859 1396 credatur
876 1366 1068 1404 firmiusque
1093 1375 1148 1405 per

178 1419 302 1448 futuras
334 1419 558 1456 generationes
586 1422 616 1448 et
645 1419 753 1448 secula
781 1423 917 1448 ventura
938 1419 1146 1455 custodiatur,

178 1471 304 1510 proprie
321 1480 436 1500 manus
450 1471 617 1509 signaculo
629 1476 658 1501 ct
675 1471 910 1503 venerabilium
925 1472 1148 1510 episcoporum

178 1529 273 1563 atque
297 1524 447 1554 abbatum
467 1524 516 1554 vel
541 1525 637 1558 etiam
661 1525 849 1562 optimatum
878 1528 1061 1554 nostrorum
1089 1525 1149 1554 sub

175 1577 388 1616 jureJurando
413 1577 684 1616 promissionibus
711 1581 741 1606 et
763 1577 1054 1615 subscriptionibus
1073 1585 1147 1615 pac-

179 1633 247 1659 tum
275 1630 362 1659 istud
386 1633 494 1660 nostre
518 1629 772 1660 confirmationis
797 1630 1019 1660 roboravimus
1043 1634 1072 1659 et
1094 1639 1150 1668 per

179 1681 320 1720 legatum
338 1686 448 1712 sancte
465 1682 612 1712 Romane
629 1682 761 1712 ecclesie
783 1681 988 1712 Theodorum
1011 1691 1147 1712 nomen-

178 1734 355 1765 culatorem
371 1735 489 1764 domno
507 1734 656 1764 Paschali
671 1744 749 1773 pape
765 1735 952 1764 direximus.

219 1788 285 1825 Ego
311 1787 493 1821 Ludovicus
520 1787 743 1817 misericordia
773 1788 831 1817 Dei
858 1788 1030 1826 imperator
1057 1788 1146 1817 subs-

177 1841 283 1879 cripsi.
315 1841 353 1869 Et
375 1840 636 1878 subscripserunt
661 1845 722 1869 tres
746 1840 808 1869 filii
832 1840 903 1878 ejus
924 1845 954 1869 et
972 1840 1111 1879 episcopi
1129 1850 1147 1870 x

178 1897 209 1923 et
224 1893 355 1922 abbates
372 1902 426 1922 vm
451 1897 481 1922 et
503 1893 636 1922 comites
656 1902 695 1922 xv
715 1897 745 1922 et
760 1892 998 1922 bibliotecarius
1015 1901 1099 1922 unus
1118 1898 1148 1922 et

178 1946 419 1976 mansionarius
438 1952 468 1976 et
484 1946 660 1975 hostiarius
677 1955 769 1975 unus.

138 2086 324 2116 LXXVIII.
349 2103 388 2106 —
410 2085 565 2115 SUMPTUM
588 2094 625 2114 ex
648 2093 826 2115 Pa1v1LEG10
845 2094 930 2114 enim
949 2086 986 2115 Ο.
1007 2094 1045 2114 ET
1062 2095 1147 2115 PRIMI

179 2140 315 2169 Hanmcr
338 2147 563 2169 memnonem
586 2147 684 2168 SUPER
712 2147 886 2168 REGALIBUS
913 2147 1014 2169 ΒΕΑΤΟ
1037 2139 1147 2169 PETno

179 2196 371 2225 CONCESS1s1.

219 2281 300 2310 Item
317 2280 352 2309 in
374 2280 518 2319 partibus
539 2279 678 2310 Thuscie
701 2280 1003 2317 Longobardorum,
1025 2280 1147 2310 Castel-

169 2431 182 2451 5
199 2425 321 2455 qualibet
337 2424 386 2448 DV
401 2437 430 2440 —
450 2429 463 2449 ε
480 2431 530 2447 suo
546 2426 622 2454 pont.
640 2424 689 2447 DV
705 2437 734 2441 —
757 2430 781 2449 to
798 2424 921 2455 qualibet
941 2424 990 2448 DV
1006 2438 1034 2441 —
1053 2430 1077 2449 12
1093 2424 1147 2455 vel]

138 2472 186 2493 aut
200 2470 223 2492 A
238 2482 267 2485 —
284 2473 308 2494 13
325 2468 361 2499 et]
384 2475 414 2491 ac
434 2467 508 2491 ADV
524 2481 553 2484 —
572 2474 595 2493 15
611 2468 772 2496 <domni>
789 2468 880 2492 Caroli
897 2468 972 2492 ADV
989 2482 1017 2485 —
1037 2474 1066 2494 20
1083 2472 1108 2492 et
1126 2470 1148 2492 A

138 2526 167 2531 -—
187 2518 216 2537 27
238 2515 303 2535 ante
323 2512 380 2542 Ego
401 2511 449 2535 AD
471 2513 572 2535 habent
594 2519 812 2541 monoyramma
835 2514 963 2536 nominis
984 2514 1147 2537 Htuctouici.

137 2570 167 2574 —-
183 2562 212 2582 28
229 2556 456 2580 bliviothecarius
471 2555 518 2579 AD

169 2605 192 2625 31
211 2603 263 2623 Ρι·ο
280 2601 361 2623 tituto
381 2602 402 2622 A
424 2600 503 2623 habet
522 2609 528 2623 ;
544 2599 585 2623 Ex
601 2605 664 2623 Amo
683 2604 846 2623 DRtVILEGtO
871 2605 952 2624 rami
975 2600 1097 2624 Ocronrs
1115 2607 1149 2624 ET

139 2649 218 2668 emm
241 2643 361 2667 HENntffl
384 2649 587 2671 mannonis,
609 2651 680 2673 quae
696 2645 778 2667 verba
795 2645 881 2667 etiam
899 2645 928 2667 in
949 2646 967 2667 C
988 2647 1149 2668 cernuntur

139 2689 188 2711 sed
209 2688 364 2711 obliterata.
381 2701 410 2704 —
426 2687 448 2710 D
471 2689 512 2710 tit.
529 2695 600 2715 om.,·
616 2687 639 2710 V
656 2689 693 2711 ita
710 2689 833 2711 attitulat
851 2696 857 2711 :
875 2688 915 2711 Ex
934 2693 1018 2711 PACTO
1035 2693 1147 2711 CONsrt-

136 2735 267 2755 ‘sonorus
290 2736 493 2754 IMPERATORUM
519 2737 598 2754 emm
625 2731 747 2755 OTTONIS
773 2737 806 2755 ET
831 2737 910 2755 emm
935 2731 1068 2755 flammei
1091 2737 1147 2756 CUM

140 2774 269 2798 ROMANJS
284 2779 485 2798 PONTtFtchS.
502 2773 614 2798 CETERA
628 2780 662 2798 UT
675 2781 764 2798 SUPRA
778 2782 848 2804 quae
862 2776 1048 2804 reperiuntur
1062 2777 1146 2798 eliam

140 2818 171 2840 in
189 2820 209 2840 Α
227 2819 250 2840 el
266 2818 292 2846 C,
309 2819 357 2840 sed
375 2819 448 2846 insi-a
466 2820 489 2841 et
507 2819 537 2841 in
554 2819 692 2847 margine.
709 2831 739 2835 —
754 2822 785 2843 34
797 2818 896 2841 Tuscie
913 2818 988 2842 ADV

177 2954 202 2980 1.
219 2952 261 2980 Cf.
279 2962 307 2988 p.
325 2953 387 2986 363,
404 2957 470 2979 note
488 2953 512 2979 1.
529 2967 564 2973 -
577 2953 716 2985 Albinus,
734 2953 762 2979 X
779 2953 823 2980 32.
845 2953 961 2987 Abi-ege·
977 2953 1049 2980 dela
1069 2953 1148 2987 piece

138 3001 252 3028 donnee
268 3002 487 3036 integi-atement
503 3009 573 3028 sous
589 3002 614 3027 le
629 3009 658 3027 no
674 3001 831 3028 LXXXII.

2176 352 2234 383 365

1268 415 1335 444 lum
1356 417 1540 453 Felicitatis,
1556 418 1675 448 Urbem
1693 419 1851 455 Veterem,
1873 419 2027 448 Balneum
2043 419 2152 457 Regis,
2171 420 2230 449 Fe-

1268 468 1426 504 rentium,
1457 469 1621 499 Viterhum
1633 492 1640 505 ‚
1667 470 1823 507 Orchem,
1857 472 2010 508 Mai-tam,
2039 472 2232 509 Tuscanam,

1268 521 1421 557 Suanam,
1437 522 1663 561 Populonium,
1681 524 1836 560 Rosellas,
1848 534 1919 553 cum
1933 525 2127 554 suburbanis
2138 529 2233 564 atque

1267 573 1383 603 viculis
1397 575 1548 604 omnibus
1568 581 1596 604 et
1617 576 1782 606 territoriis
1799 586 1833 606 ac
1854 577 2036 613 maritimis,
2055 578 2180 616 oppidis
2197 587 2234 608 ac

1269 626 1385 655 viculis
1402 636 1454 656 seu
1472 627 1589 656 linibus
1605 629 1766 658 omnibus.

1308 679 1453 718 Itemque
1470 690 1487 709 a
1508 681 1606 709 Lunis
1623 691 1694 711 cum
1713 682 1817 711 insula
1833 682 1972 719 Corsica,
1988 683 2104 713 deinde
2120 684 2151 712 in
2170 684 2231 713 Su·

1268 731 1372 768 riano,
1393 731 1508 761 deinde
1525 733 1556 761 in
1578 739 1684 763 monte
1707 735 1880 771 Bai-donis,
1897 735 2013 765 deinde
2035 736 2068 764 in
2089 736 2232 772 Ber-ceto,

1268 783 1385 813 deinde
1402 785 1435 813 in
1456 786 1583 821 Parma,
1600 786 1715 816 deinde
1732 787 1766 816 in
1784 788 1902 825 Regia,
1921 788 2035 818 exinde
2051 789 2085 818 iu
2102 789 2235 819 Mantua

1268 840 1361 876 atque
1380 838 1413 867 in
1436 839 1544 868 Monte
1560 839 1666 869 Silicis
1686 845 1781 878 atque
1800 841 1957 879 provintia
1976 842 2182 871 Venetiarum
2204 846 2235 872 et

1270 889 1403 926 Histria,
1421 899 1545 920 necnon
1564 897 1593 921 et
1608 891 1756 921 ducatum
1773 892 1974 931 Spoletinum
1991 903 2046 923 seu
2065 894 2234 924 Beneven-

1271 946 1393 978 tanum,
1426 952 1489 972 nna
1517 953 1589 973 cum
1614 944 1747 973 ecclesia
1772 949 1879 975 sancte
1906 946 2071 976 Christine
2098 947 2233 985 positam

1271 1003 1365 1033 prope
1383 996 1514 1034 Papiam
1529 997 1619 1035 juxta
1638 997 1761 1026 Padum
1778 1002 1836 1027 11110
1851 998 2000 1029 miliario.
2021 999 2057 1028 Et
2072 1000 2168 1030 infra.
2188 1000 2234 1030 De

1270 1047 1396 1077 civitate
1413 1053 1518 1077 autem
1536 1049 1746 1087 Neapolitana
1767 1059 1839 1079 cum
1862 1050 2000 1080 castellis
2021 1055 2050 1081 et
2068 1053 2236 1082 territoriis

1271 1108 1306 1129 ac
1323 1100 1441 1130 finibus
1458 1105 1487 1130 et
1504 1101 1620 1131 insulis
1641 1102 1708 1131 suis
1729 1103 1787 1132 sibi
1807 1104 2054 1142 pertinentibus,
2077 1105 2172 1134 sicuti
2192 1105 2232 1134 ad

1271 1152 1398 1182 easdem
1418 1154 1559 1191 aspicere
1577 1155 1743 1191 videntur3
1765 1164 1887 1186 necnon
1907 1157 2134 1194 patrimonium
2152 1157 2234 1187 Sici-

1271 1204 1322 1234 lie.
1349 1205 1456 1234 Simili
1474 1206 1567 1236 modo
1583 1207 1743 1237 civitatem
1765 1208 1909 1237 Caietam
1934 1214 1963 1238 et
1987 1209 2134 1239 Fundum
2159 1218 2232 1239 cum

1271 1257 1422 1287 omnibus
1440 1267 1548 1288 earum
1566 1260 1777 1297 pertinentiis.

1312 1310 1449 1348 Insuper
1463 1312 1627 1341 offerimus
1643 1312 1711 1348 tibi,
1728 1313 1816 1342 beate
1830 1313 1920 1342 Petre
1931 1314 2082 1352 apostole,
2097 1314 2236 1345 vicario-

1272 1370 1334 1400 que
1352 1368 1404 1392 tuo
1421 1362 1538 1392 domno
1554 1364 1698 1394 Johanui
1715 1373 1756 1393 ΧΠ
1772 1374 1850 1403 pape
1865 1368 1894 1394 et
1913 1367 2150 1396 successoribus
2167 1368 2236 1405 ejus

1273 1423 1328 1453 pro
1348 1420 1454 1445 nostre
1470 1416 1579 1446 anime
1594 1417 1736 1446 remedio
1755 1418 1920 1456 nostrique
1937 1418 1994 1447 filii
2011 1423 2039 1448 et
2053 1424 2236 1449 nostrorum

1272 1473 1440 1506 parentum
1466 1469 1505 1498 de
1525 1470 1652 1508 proprio
1673 1474 1780 1500 nostro
1803 1480 1902 1508 regno
1919 1471 2063 1501 civitates
2077 1476 2105 1501 et
2122 1472 2237 1511 oppida

1271 1529 1345 1550 cum
1371 1521 1515 1559 piscariis
1531 1522 1614 1559 suis,
1634 1522 1666 1551 id
1686 1527 1732 1552 est
1751 1523 1860 1559 Reate,
1880 1524 2097 1561 Amiternum,
2122 1525 2236 1555 Forco-

1272 1581 1358 1609 nem,
1379 1574 1541 1611 Nur-siam,
1568 1575 1700 1604 Balvam
1722 1579 1752 1604 et
1774 1576 1919 1613 Marsim,
1937 1580 1966 1606 et
1982 1577 2057 1607 alibi
2075 1578 2236 1608 civitatem

1272 1626 1464 1656 Teramnem
1481 1636 1554 1656 cum
1576 1627 1779 1666 pertinentiis
1802 1629 1881 1659 suis.
1907 1630 1972 1659 Has
1990 1638 2101 1659 omnes
2122 1640 2234 1670 supra-

1272 1672 1406 1717 scriptas
1434 1680 1627 1720 provincias,
1652 1680 1746 1710 urbes
1771 1687 1800 1711 et
1824 1682 1980 1719 civitates,
2005 1683 2119 1722 oppida
2143 1688 2237 1722 atque

1272 1732 1410 1768 castella,
1435 1732 1557 1762 viculos
1573 1742 1608 1763 ac
1632 1734 1791 1763 territoria
1807 1734 1906 1764 simul
1921 1744 1956 1765 ac
1973 1736 2166 1774 patrimonia
2183 1744 2238 1775 pro

1272 1785 1413 1815 remedio
1435 1786 1545 1815 anime
1567 1790 1674 1815 nostre
1697 1795 1751 1816 seu
1773 1792 1939 1825 parentum
1961 1797 1997 1818 ac
2018 1797 2236 1819 successorum

1271 1841 1452 1868 nostrorum
1477 1843 1506 1868 et
1524 1847 1579 1877 pro
1598 1844 1712 1869 cuncto
1736 1840 1933 1870 Francorum
1956 1841 2238 1880 populojamdicte

1272 1890 1402 1920 ecclesie
1420 1895 1482 1927 tue,
1500 1892 1590 1921 beate
1603 1893 1696 1922 Petre
1712 1893 1863 1930 apostole,
1882 1898 1911 1923 et
1928 1904 1981 1933 per
1997 1899 2025 1924 te
2046 1895 2165 1925 vicario
2183 1900 2236 1926 tuo

1272 1943 1406 1981 spiritali
1424 1944 1504 1982 patri
1523 1949 1631 1974 nostro
1648 1945 1766 1975 domno
1781 1946 1927 1975 «Iohanni
1949 1956 2076 1977 summo
2093 1948 2237 1986 pontifici

1272 2001 1301 2025 et
1318 1996 1490 2026 universali
1505 2006 1581 2035 pape
1593 1998 1727 2036 ejusque
1737 1999 1972 2028 successoribus
1983 2001 2126 2038 usquein
2138 2000 2237 2030 finem

1271 2049 1371 2079 seculi
1388 2059 1424 2080 eo
1444 2050 1536 2080 modo
1554 2051 1783 2080 confirmamus
1801 2056 1834 2081 ut
1852 2053 1884 2081 iu
1898 2061 1955 2082 suo
1971 2052 2136 2082 detineant
2152 2054 2236 2091 jure,

1271 2103 1452 2140 principatu
1474 2107 1569 2140 atque
1587 2103 1722 2133 ditione.
1744 2104 1780 2133 Et
1802 2104 1898 2133 infra.
1922 2105 1961 2133 In
1983 2105 2138 2135 electione
2164 2114 2238 2135 vero

1272 2156 1411 2185 Romani
1429 2156 1588 2194 pontificis
1603 2166 1707 2195 neque
1723 2157 1804 2187 liber
1817 2166 1920 2196 neque
1932 2167 2043 2188 servus
2059 2160 2097 2188 ad
2114 2159 2173 2189 hoc
2189 2169 2238 2189 ve-

1273 2209 1343 2237 nire
1354 2213 1515 2246 presumat
1527 2213 1561 2238 ut
1572 2208 1637 2238 illis
1651 2210 1805 2239 Romanis
1818 2219 1897 2249 quos
1905 2211 1943 2240 ad
1957 2211 2040 2241 hanc
2050 2212 2239 2242 electionem

1273 2271 1326 2300 per
1339 2262 1602 2292 constitutionem
1619 2267 1800 2293 sanctorum
1820 2268 1945 2302 patrum
1959 2265 2092 2303 antiqua
2109 2265 2240 2295 admisit

1271 2315 1470 2345 consuetudo
1501 2315 1631 2354 aliquod
1662 2316 1751 2346 satiat
1780 2317 2062 2355 impedimentum.
2090 2318 2180 2354 Quod
2212 2319 2239 2348 si

1270 2367 1343 2405 quis
1358 2371 1468 2397 contra
1489 2368 1573 2397 hanc
1596 2372 1737 2398 nostram
1753 2370 2015 2400 constitutionem
2035 2380 2239 2409 presumpse-

1271 2420 1323 2456 rit,
1341 2420 1437 2450 exilio
1455 2421 1606 2450 tradatur.
1626 2421 1761 2459 Insuper
1777 2423 1872 2451 etiam
1889 2427 1922 2451 ut
1938 2423 2048 2453 nullus
2065 2424 2237 2452 missorum

1272 2476 1455 2502 nostrorum
1492 2474 1724 2512 cujuscumque
1759 2474 1978 2513 impeditionis
2009 2481 2238 2513 argumentum

1272 2534 1462 2564 componere
1478 2526 1512 2555 iu
1530 2527 1649 2565 prefata
1664 2527 1816 2557 electione
1829 2528 2150 2559 audeatomnimodis
2167 2539 2239 2568 pro-

1272 2577 1434 2607 hibemus.
1453 2579 1536 2608 Nam
1554 2583 1583 2608 et
1599 2579 1658 2608 hoc
1674 2580 1872 2609 omnimodis
1886 2580 2055 2611 instituere
2072 2581 2191 2620 placuit
2208 2586 2241 2612 ut

1271 2631 1328 2669 qui
1355 2631 1455 2661 semel
1486 2631 1545 2661 sub
1575 2632 1705 2669 speciali
1738 2632 1924 2662 defensione
1950 2633 2050 2663 donni
2075 2635 2239 2672 apostolici

1271 2684 1338 2713 sive
1365 2689 1472 2713 nostra
1498 2684 1618 2714 suerint
1641 2685 1779 2722 suscepti
1805 2686 1972 2724 impetrata
1997 2687 2083 2724 juste
2109 2691 2240 2717 utantur

1262 2879 1275 2898 2
1290 2873 1401 2897 Ferenti
1418 2873 1491 2896 ADV
1507 2886 1537 2890 -—
1552 2879 1565 2898 6
1581 2880 1634 2904 que
1651 2881 1706 2897 om.
1724 2874 1745 2897 A.
1765 2887 1795 2891 —
1813 2880 1836 2899 to
1852 2875 1966 2905 Hystria
1981 2876 2028 2900 AD
2045 2890 2075 2895 —
2093 2883 2116 2902 15
2130 2878 2241 2902 videtur

1231 2917 1306 2941 ADV
1325 2930 1355 2934 —
1379 2922 1402 2942 16
1419 2920 1445 2940 et
1464 2917 1580 2940 fundum
1597 2918 1660 2948 etc]
1679 2925 1739 2941 cum
1755 2919 1848 2942 fundis
1867 2922 1893 2943 et
1910 2920 2038 2944 omnibus
2054 2922 2115 2945 aliis
2131 2922 2164 2945 ad
2181 2929 2241 2946 eam

1231 2961 1434 2990 pertinentibus
1455 2961 1478 2984 A
1497 2974 1526 2978 —
1546 2966 1576 2986 34
1594 2961 1780 2985 Rornanorum
1800 2963 1961 2993 pontificum
1977 2964 2024 2988 AD
2045 2978 2074 2982 —
2095 2970 2125 2990 43
2146 2966 2240 2990 domni

1231 3004 1306 3028 ADV

2291 906 2315 924 10

2293 1955 2318 1973 30

2294 2481 2318 2500 40
