2434 3530
105 910 130 929 ¹⁰

103 1174 129 1192 ¹5

99 1965 126 1984 ³0

100 2229 127 2248 35

99 2491 128 2510 40

159 361 218 391 390

201 434 262 454 nus
278 428 385 453 sancte
401 423 483 452 sedis
502 421 669 460 apostolice
691 431 768 460 papa
784 423 864 457 1111,
883 431 1042 452 consensu
1062 427 1093 452 et
1111 431 1165 452 vo-

201 477 324 506 luntate
341 476 472 504 fratruzn
490 484 653 511 meorum,
676 474 824 505 videlicet
848 475 965 506 Ubaldi
988 475 1165 513 presbyteri

199 528 373 559 cardinalis
393 528 473 557 tituli
496 533 603 557 sancte
622 528 783 563 praxedis,
808 527 927 558 Ubaldi
950 527 1033 557 tituli
1057 532 1166 557 sancte

202 582 323 616 Crucis,
355 580 436 609 Julii
473 580 555 608 tituli
583 580 684 609 sancti
719 580 879 615 Marcelli,
913 581 1047 610 Heni-ici
1081 580 1164 610 tituli

200 638 384 664 sanctorum
407 633 505 662 Nerei
524 637 554 661 et
572 632 730 667 Achillei,
752 632 888 663 Bosouis
911 633 1040 663 diaconi
1059 633 1165 662 cardi-

199 686 283 716 nalis
300 690 481 714 sauctorum
500 684 612 714 Cosme
631 689 660 714 et
682 685 844 719 Damiani.
864 686 1032 715 camerarii
1053 686 1165 720 nostri,

199 743 227 769 et
248 738 371 768 Alberti
388 738 513 767 dias-oui
531 738 705 767 cardinalis
721 739 822 768 sancti
843 738 998 771 Adriani.
1017 738 1166 768 concedi-

200 801 271 820 mus
284 790 625 820 vobisAldebraudino
641 791 989 826 et13›¹1·nardino‚liliis
1002 791 1165 829 quondam

199 844 333 875 Ubolini
357 843 484 873 comitis
513 844 552 873 de
586 844 780 879 Calmaiare„
807 845 987 883 vestrisque
1012 844 1166 882 legitimis

198 897 275 926 filiis
297 900 323 925 et
348 896 475 925 filiabus
498 897 626 932 vestris;
647 898 671 926 si
695 903 801 926 autem
825 897 896 927 siue
914 897 1070 934 legitimis
1090 897 1166 927 filiis

196 955 228 981 et
243 949 370 979 filiabus
388 949 600 985 decesseritis,
620 950 703 979 insra
722 951 883 979 nominate
905 955 997 985 terre,
1015 959 1095 988 quas
1109 959 1165 980 vo-

196 1003 247 1033 bis
263 1002 486 1036 concedimus,
505 1002 624 1041 injure
641 1006 671 1032 et
689 1002 834 1032 dominio
855 1003 936 1032 beati
958 1003 1044 1032 Petri
1065 1002 1167 1032 libere

199 1060 399 1090 remaneant,
419 1055 448 1084 id
467 1060 514 1084 est
536 1055 665 1084 fractum
689 1055 748 1084 filii
772 1055 928 1091 Adzouis,
954 1060 983 1085 et
1006 1060 1110 1085 cetera
1131 1059 1167 1085 ut

198 1118 312 1148 supra3
333 1108 433 1146 posite
450 1112 556 1137 autem
574 1111 649 1137 sunt
664 1108 804 1146 predicte
825 1113 906 1138 terre
924 1109 956 1137 iu
975 1108 1163 1146 episcopati-

196 1162 258 1191 bus
277 1160 449 1195 Suanensi,
469 1161 685 1195 L'rbevetano,
702 1161 893 1196 Tuder-tino,
914 1161 1061 1196 Clusino,
1081 1161 1166 1199 juris

197 1215 279 1244 beati
298 1214 383 1243 Petri
401 1219 431 1243 et
450 1219 558 1243 sancte
576 1214 720 1244 Romane
736 1214 889 1251 ecclesie;
909 1214 946 1243 ad
969 1214 1163 1250 tenendum,

197 1267 374 1302 utendum,
397 1267 589 1301 fruendum,
614 1267 851 1297 meliorandum
865 1292 871 1303 ,
896 1271 926 1297 et
945 1268 1025 1296 sicut
1042 1267 1164 1297 dictum

195 1326 254 1356 est,
275 1321 468 1355 teneutlunu
489 1320 731 1359 possidendum,
751 1330 805 1360 pro
823 1330 859 1350 eo
873 1321 958 1359 qnod
979 1321 1165 1351 hominium

196 1373 290 1403 nobis
313 1373 432 1402 feristis
457 1379 485 1402 et
503 1373 691 1403 fidelitatem
712 1374 803 1403 nobis
827 1374 1008 1412 nostrisque
1030 1373 1164 1404 catholi—

195 1427 241 1456 cis
260 1427 497 1455 successoribus
515 1430 544 1455 et
565 1431 674 1456 sancte
697 1427 841 1456 ttomane
860 1426 994 1457 ecclesie
1013 1427 1163 1464 jurastis,

195 1483 227 1509 et
241 1483 370 1508 stratam
385 1480 472 1509 omni
492 1484 632 1517 tempore
649 1484 680 1509 et
697 1480 849 1509 omuibus
861 1480 1008 1518 personis
1024 1489 1164 1516 servare,

195 1531 335 1570 exceptis
354 1531 490 1570 publicis
513 1532 693 1561 latronibus
717 1537 749 1562 et
771 1532 915 1562 inimicis
941 1531 1075 1562 ecclesie
1097 1533 1163 1562 Ro-

196 1593 290 1614 mane
312 1589 342 1614 et
362 1585 492 1619 vestris,
514 1585 556 1613 ita
579 1589 685 1614 tamen
711 1585 736 1614 si
759 1585 895 1615 sormam
918 1585 1163 1623 peregrinorum

195 1646 259 1668 non
278 1637 490 1676 portaverint;
510 1642 540 1667 et
560 1641 702 1675 treugam
722 1638 834 1676 jurare
852 1642 882 1668 et
899 1638 1068 1668 observare
1090 1646 1163 1677 pro-

195 1690 340 1726 misistis,
359 1690 385 1718 si
402 1690 459 1719 alii
478 1699 643 1729 compares
659 1691 754 1720 vestri
770 1691 953 1729 juraverint
970 1695 1000 1720 et
1013 1691 1163 1746 o'bserva-

195 1744 312 1773 verint.
337 1743 472 1773 noceam
496 1743 597 1773 sancti
617 1743 770 1781 Stephani
789 1743 1032 1773 custodiendum
1047 1743 1164 1773 damus

193 1796 381 1826 Scarlatano
401 1795 439 1825 de
464 1795 658 1825 tzadicotano
680 1801 710 1825 et
732 1795 913 1826 Orlandino
935 1796 1026 1825 fratri
1050 1805 1108 1826 suo
1134 1800 1164 1826 et

193 1848 271 1878 filiis
305 1848 413 1884 Belizi,
445 1854 473 1878 et
499 1849 525 1877 si
554 1848 741 1878 fidelitatem
776 1849 868 1878 uobis
899 1849 1052 1885 fecerint,
1089 1857 1162 1879 cum

193 1901 342 1940 expensis
366 1902 479 1931 vestris
507 1911 560 1939 per
587 1902 732 1940 quinque
763 1903 934 1931 continuos
958 1910 1078 1938 anuos;
1108 1902 1162 1931 tali

192 1954 389 1990 conditione,
407 1954 490 1993 qnod
508 1955 533 1983 si
550 1954 658 1993 aliqua
674 1963 768 1984 causa
788 1955 820 1983 in
839 1959 936 1983 strata
949 1954 1161 1989 offenderitis,

193 2011 224 2036 et
247 2007 332 2036 infra
351 2013 420 2037 octo
445 2007 513 2036 dies
538 2007 684 2045 requisiti
709 2016 770 2036 uou
795 2007 1064 2043 emendaveritis,
1088 2011 1164 2037 tunc

193 2060 419 2100 prenominata
442 2068 531 2089 rocca
550 2060 652 2089 sancti
670 2060 868 2099 Stephaniin
886 2061 956 2098 jure
972 2064 1001 2090 et
1018 2059 1165 2090 dominio

193 2112 281 2143 beati
297 2112 384 2142 Petri
408 2112 552 2142 absolute
574 2117 748 2143 remaneat.
773 2113 807 2143 Si
829 2121 904 2142 vero
925 2113 958 2142 in
983 2117 1092 2151 treuga
1114 2113 1166 2143 vel

193 2170 305 2196 contra
321 2165 508 2204 hospitales¹
525 2165 705 2204 templares,
718 2165 863 2202 clericos,
879 2165 1054 2196 monachos
1066 2166 1165 2196 offen-

193 2219 318 2255 deritis,
335 2222 366 2248 et
390 2218 476 2247 infra
499 2218 686 2256 quindecim
710 2218 779 2249 dies
805 2219 950 2258 requisiti
972 2227 1036 2249 non
1057 2228 1165 2249 emen-

193 2271 365 2307 daveritis,
392 2275 467 2300 tnnc
490 2271 712 2310 prenominata
737 2280 826 2301 rocca
842 2273 942 2301 saneti
961 2271 1114 2310 Stephani
1130 2273 1163 2302 in

190 2324 265 2363 jure
281 2323 470 2353 etdominio
487 2324 569 2353 beati
590 2324 675 2353 Petri
697 2327 873 2353 remaneat.
899 2324 1074 2362 Ecclesias‚
1098 2325 1164 2354 ele-

194 2376 291 2412 ricos,
314 2376 493 2407 monachos
515 2377 554 2406 (le
573 2382 655 2406 tetra
679 2382 782 2406 vestra
806 2377 849 2406 ita
873 2377 986 2407 fovetis
1004 2381 1034 2406 et
1056 2386 1164 2407 serva-

195 2429 283 2466 bitis,
298 2430 378 2459 sicut
393 2429 446 2458 alii
467 2430 565 2459 nostri
585 2429 694 2459 fideles
710 2438 785 2458 suas
800 2429 952 2459 ecclesias
967 2429 1165 2468 clericosque

194 2491 271 2512 suos
286 2487 317 2511 et
332 2482 506 2512 monachos
524 2487 665 2512 servant.
691 2481 784 2511 Nulli
802 2481 858 2511 alii
878 2482 929 2521 pio
952 2481 1020 2512 loco
1035 2491 1164 2512 conces-

194 2534 321 2565 sionem
341 2535 434 2565 istam
456 2535 488 2564 in
509 2539 629 2574 partem
648 2534 696 2564 vel
713 2535 746 2564 iu
768 2538 867 2564 totum
883 2535 1003 2564 dabitis
1019 2535 1067 2564 vel
1084 2535 1164 2565 alie·—

196 2588 334 2625 nabitis,
357 2597 415 2618 uec
435 2588 534 2618 alicui
561 2596 696 2627 persone
715 2587 862 2618 vendetis
883 2597 937 2617 sen
961 2588 1164 2626 alienabitis,

195 2641 384 2680 priusquam
408 2641 528 2671 domno
557 2650 652 2679 pape,
680 2641 735 2679 qni
759 2649 813 2679 pro
836 2645 977 2679 tempore
999 2641 1114 2678 suerit,
1136 2646 1167 2671 et

195 2698 305 2723 sancte
335 2694 480 2723 Romane
506 2694 659 2728 ecclesie,
683 2694 771 2732 justo
801 2693 951 2723 videlicet
978 2694 1079 2732 pretio
1104 2695 1165 2724 mi-

196 2746 328 2776 nuendo
350 2747 382 2776 iu
407 2746 579 2776 duodecim
604 2746 749 2776 denariis
775 2754 829 2785 pro
851 2755 1044 2785 unaquaque
1068 2746 1164 2777 libra.

196 2798 288 2834 Quod
305 2799 332 2827 si
349 2808 454 2829 emere
470 2804 501 2829 et
515 2799 746 2828 alienationem
769 2799 869 2837 ipsam
889 2799 1031 2838 recipere
1053 2799 1166 2830 nolue-

189 2972 205 2993 2
219 2967 337 2991 Bubaldi
354 2969 376 2992 Α
397 2982 424 2986 -
444 2974 458 2994 e
477 2969 649 2993 Calmaniare
665 2969 687 2993 Α
707 2982 738 2987 -
757 2974 788 2994 210
803 2973 926 3000 treguam
943 2970 966 2993 A
987 2983 1015 2987 —
1035 2974 1064 2995 27
1081 2970 1167 2994 Radi-

160 3011 251 3035 cofino
267 3011 288 3034 Α
304 3024 332 3028 -
348 3017 372 3036 31
390 3013 530 3042 requisitis
547 3013 569 3037 A
585 3026 614 3030 —
630 3018 660 3038 33
675 3015 819 3043 treuguam
835 3013 858 3036 A

710 358 757 386 LE
782 358 926 387 LIBER
950 357 1185 387 CENSUUM
1209 357 1264 386 DE
1287 353 1475 387 L'EGLISE
1498 358 1709 389 ROMAtNE.

1289 423 1346 457 rit,
1372 423 1490 453 dabitis
1517 425 1547 453 ei
1577 425 1829 464 suprascriptum
1862 426 2025 462 cominus,
2053 430 2084 455 et
2113 425 2257 455 vendetis

1289 484 1344 504 seu
1367 475 1550 506 alienabitis
1573 477 1626 506 tali
1653 486 1786 516 persone
1811 486 1873 516 que
1902 477 1994 507 nobis
2019 477 2157 515 placeat,
2185 479 2258 508 sine

1288 527 1430 564 malitia3
1451 529 1538 559 salvo
1559 538 1685 568 semper
1704 531 1780 569 Jure
1801 534 1831 559 et
1849 529 1994 560 dominio
2016 530 2100 559 beati
2123 530 2210 560 Petri
2226 535 2258 561 et

1289 584 1397 610 sancte
1412 581 1556 612 Romane
1572 582 1716 612 ecclesie.
1734 583 1891 612 Guerram
1909 587 1939 612 et
1955 591 2062 621 pacem
2081 592 2136 621 per
2150 592 2256 622 peiso-

1289 642 1348 662 nas
1363 638 1485 664 vestras
1501 638 1531 664 et
1555 635 1714 674 predictas
1734 641 1833 665 terras
1851 635 1889 665 ad
1907 636 2096 666 mandatum
2117 636 2258 667 Romani

1290 687 1450 724 pontificis
1463 693 1494 717 et
1510 689 1654 718 Romane
1667 689 1799 719 ecclesie
1816 689 1939 719 facietis
1956 697 2009 719 vos
2024 694 2054 719 et
2070 688 2130 718 filii
2146 689 2256 720 vestri.

1290 738 1364 768 Filii
1385 748 1468 775 vero,
1486 744 1516 770 et
1531 742 1641 778 generi
1668 742 1764 771 vestri
1791 741 1846 780 qni
1867 746 1966 771 terras
1989 741 2073 779 ipsas
2095 746 2258 779 partemve

1289 799 1399 820 earum
1418 793 1581 827 tenebunt,
1605 794 1696 823 nobis
1713 795 1896 833 nostrisque
1915 793 2083 824 catholicis
2097 802 2257 824 successo-

1289 843 1349 872 bus
1369 843 1556 875 fidelitatem
1575 851 1605 875 et
1624 846 1822 883 hominium,
1845 855 1995 884 guerram
2017 850 2047 875 et
2070 855 2198 884 pacem.
2218 846 2258 876 ad

1290 897 1478 926 mandatnm
1508 902 1651 928 nostrum
1683 904 1931 938 nostrorumque
1958 908 2182 929 successorum
2210 899 2256 928 la-

1289 950 1394 986 cieut;
1413 954 1570 989 treugam,
1585 953 1902 988 stt-atam‚ecclesias,
1918 952 2103 991 hospitales,
2122 952 2258 991 templa-

1289 1012 1351 1038 res,
1369 1003 1500 1033 clericos
1519 1008 1548 1033 et
1567 1005 1741 1035 monachos
1765 1013 1799 1035 se
1828 1014 1890 1034 nou
1908 1004 2072 1035 offendere
2086 1005 2256 1044 jurabunt.

1289 1055 1445 1094 Alioquin
1465 1056 1490 1085 si
1513 1057 1567 1095 qui
1593 1057 1637 1086 ita
1662 1066 1724 1087 uon
1743 1057 1893 1092 fecerint,
1920 1058 1987 1087 sive
2007 1058 2084 1096 quid
2104 1058 2258 1087 adversus

1288 1116 1325 1137 ea
1341 1108 1486 1142 fecerint,
1504 1118 1522 1137 a
1535 1110 1607 1147 jure
1627 1114 1734 1139 nostre
1750 1110 1968 1140 concessionis
1983 1114 2128 1149 expertes
2151 1119 2257 1140 rema-

1289 1161 1423 1191 nebunt..
1447 1162 1514 1192 Nos
1540 1167 1646 1192 autem
1676 1167 1706 1192 et
1733 1164 1830 1193 nostri
1858 1172 2058 1193 successores
2083 1163 2257 1194 defendere

1289 1215 1507 1252 promittimus
1521 1216 1561 1245 ab
1579 1217 1668 1245 omui
1688 1215 1820 1245 homine
1833 1216 1861 1245 si
1879 1225 2008 1245 necesse
2025 1216 2133 1251 tuerit,
2145 1224 2255 1246 seeun-

1287 1267 1365 1297 dum
1384 1268 1519 1297 offitium
1538 1274 1697 1299 nostrum.

1247 1411 1330 1442 CVl.
1350 1429 1389 1434 -—
1410 1412 1571 1442 Scult‘Tcu
1591 1422 1824 1443 coxvemeNJS
1846 1423 1939 1443 ιλτειι
1973 1422 2104 1444 noiixcu
2136 1416 2256 1444 Annia-

1287 1475 1354 1496 XUM
1369 1475 1473 1495 papan
1490 1466 1555 1496 1111
1573 1476 1612 1496 ET
1628 1467 1895 1497 Uauium-Axos&

1329 1573 1426 1602 Anno
1449 1572 1684 1602 incarnationis
1704 1573 1874 1602 Dominice
1895 1577 2062 1609 i1⁰c⁰c⁰vu⁰,
2082 1573 2258 1604 indictione

1287 1634 1329 1661 vt,
1348 1633 1460 1654 mense
1478 1625 1643 1659 februarii,
1661 1625 1777 1655 sactum
1795 1630 1842 1655 est
1856 1626 1915 1655 hoe
1931 1629 2056 1664 pactum
2071 1626 2155 1655 iuter
2170 1626 2258 1657 dom-

1287 1687 1366 1707 num
1389 1687 1501 1716 papam
1520 1678 1701 1707 Adi-lanum
1719 1682 1749 1707 et
1769 1678 1923 1717 populum
1942 1679 2203 1716 Urbevetaunm‚
2220 1688 2258 1709 ex

1287 1736 1375 1769 parte
1393 1731 1505 1760 domui
1521 1740 1599 1769 pape
1616 1731 1834 1761 mediantibus
1850 1731 1939 1761 ιΙιιΙίι)
1955 1731 2036 1761 tituli
2051 1732 2153 1762 sancti
2171 1731 2270 1762 Mar?

1288 1783 1373 1819 celii,
1391 1788 1421 1813 et
1439 1783 1603 1813 Beruardo
1623 1783 1706 1813 tituli
1724 1784 1824 1813 sancti
1843 1784 2032 1820 Clementis,
2052 1788 2082 1814 et
2101 1784 2260 1815 llollando

1289 1836 1373 1866 tituli
1402 1836 1504 1865 sancti
1534 1837 1631 1865 Marci
1660 1841 1690 1865 et
1716 1836 1920 1873 cancellario,
1946 1841 1976 1866 et
2004 1837 2145 1867 Henrico
2173 1837 2260 1867 tituli

1287 1892 1473 1919 sanctorum
1492 1889 1588 1918 Nerei
1611 1895 1641 1918 et
1659 1889 1798 1919 Achillei
1817 1890 2013 1928 presbyteris
2029 1890 2258 1926 cardinalibus,

1287 1947 1318 1972 et
1344 1942 1487 1971 iacincto
1513 1947 1621 1972 sancte
1651 1942 1752 1972 Mario
1780 1943 1812 1971 iu
1843 1942 2022 1977 Costnidin,
2054 1948 2084 1972 et
2108 1943 2260 1973 ²Iohanne

1287 1995 1502 2032 Neapolitano
1532 1999 1716 2025 sauctorum
1747 1995 1855 2033 Sergii
1881 2000 1911 2025 et
1938 1995 2050 2032 Baebi,
2077 2001 2110 2025 et
2135 1996 2260 2026 Bosone

1288 2053 1474 2077 sanctorum
1496 2047 1612 2077 Cosme
1630 2053 1660 2077 et
1684 2048 1836 2077 Datniani
1857 2048 2002 2078 diaconis
2017 2048 2257 2084 cardinalibus:

1287 2109 1324 2131 ex
1356 2105 1443 2139 parte
1476 2109 1550 2130 vero
1585 2101 1864 2130 Urbevetaunrum
1899 2101 2120 2131 mediantibus
2157 2101 2261 2132 Becco

1289 2154 1393 2192 priore
1407 2153 1507 2182 sancti
1519 2152 1698 2182 Constantii
1713 2158 1743 2183 et
1756 2153 1944 2183 consulibus
1960 2153 2128 2184 Willelmo
2139 2153 2260 2184 Johan-

1287 2207 1339 2234 nis
1355 2202 1437 2244 Lupi
1456 2211 1486 2234 et
1504 2206 1599 2244 Petro
1613 2206 1755 2235 Alberici
1771 2210 1800 2235 et
1816 2206 1980 2236 nobilibus
1995 2206 2073 2236 viris
2088 2206 2260 2237 Willelmo

1290 2258 1424 2288 Beccaio
1443 2264 1473 2287 et
1498 2259 1595 2288 Nero.
1616 2258 1775 2288 Fecerunt
1793 2258 1952 2298 siquidem
1972 2259 2087 2297 prefati
2111 2259 2260 2289 consules

1288 2310 1405 2348 ligium
1429 2299 1613 2341 liomiuium
1636 2311 1756 2341 domno
1779 2321 1858 2351 pape
1881 2316 1913 2341 et
1935 2311 2122 2342 fidelitatem
2143 2312 2208 2342 sibi
2229 2316 2260 2342 et

1288 2364 1527 2394 successoribus
1559 2365 1626 2393 suis
1663 2364 1821 2394 catholice
1852 2365 2049 2395 intrantibus
2080 2365 2259 2395 secuudum

1289 2421 1433 2446 tenorem
1451 2417 1628 2455 ‚iuramenti
1649 2417 1733 2456 quod
1757 2417 1879 2447 faciunt
1895 2417 1926 2447 ei
1946 2417 2002 2447 alii
2023 2417 2135 2451 fideles
2152 2418 2201 2448 sui
2219 2417 2260 2448 de

1289 2469 1585 2509 1·egalibus;'quam
1603 2470 1699 2500 etiam
1718 2470 1903 2500 lidelitatem
1921 2470 2058 2509 prestitit
2073 2471 2102 2500 ei
2123 2470 2259 2510 populus

1282 2633 1288 2651 ι
1306 2627 1461 2651 comminus
1478 2628 1500 2651 A

1278 2677 1309 2697 22
1327 2672 1552 2696 Beneventanum
1569 2672 1599 2701 C,
1612 2680 1684 2697 corr.
1701 2680 1724 2696 c.
1739 2686 1768 2690 —
1783 2678 1814 2698 ao
1831 2672 2090 2696 Beneventanorum
2106 2672 2137 2701 C,
2149 2679 2223 2697 corr.
2235 2679 2262 2697 e.

1246 2729 1277 2733 —
1292 2721 1322 2741 33
1340 2716 1465 2740 sseccano
1481 2716 1512 2744 C,
1529 2724 1602 2740 corr.
1619 2724 1642 2741 c.

1288 2866 1311 2891 l.
1330 2865 1447 2892 Feri-ier
1466 2866 1542 2893 1158.
1563 2881 1597 2886 -
1613 2866 1770 2899 Mun-aton,
1792 2870 1812 2893 t.
1830 2865 1882 2899 1v‚
1901 2875 1928 2901 p.
1945 2865 1997 2898 353
2015 2865 2149 2897 Theiner,
2168 2872 2200 2892 n⁰
2213 2865 2261 2893 23.

1247 2926 1284 2933 —
1298 2913 1442 2945 Albinus,
1461 2913 1504 2941 XI
1520 2915 1564 2942 35.
1588 2914 1669 2942 Cette
1685 2917 1858 2941 convention
1875 2918 1920 2941 cst
1941 2915 2118 2949 posterieure
2133 2914 2169 2941 de
2183 2913 2261 2941 deux

1249 2969 1286 2988 ou
1301 2963 1373 2989 trois
1384 2971 1437 2989 ans
1451 2965 1467 2989 a
1480 2964 1504 2989 la
1521 2963 1721 2998 recuperation
1734 2962 1892 2997 d'Orvieto,
1905 2964 2088 2990 mentionnee
2101 2970 2152 2997 par
2164 2962 2260 2990 Boson

1249 3010 1322 3037 dans
1337 3019 1370 3037 sa
1387 3011 1430 3037 vie
1445 3011 1585 3039 d'Adrien
1603 3011 1644 3038 [V
1660 3012 1702 3046 (L.
1721 3013 1760 3043 l’.‚
1778 3015 1799 3038 t.
1816 3010 1854 3043 11.
1867 3020 1895 3047 p.
1915 3012 1950 3044 4).
