2434 3530
95 900 120 919 ¹ss

95 1162 120 1181 ¹5

97 1425 124 1444 20

98 1950 126 1969 30

99 2213 127 2233 ³5

694 352 744 381 LE
768 352 913 381 LIBER
935 350 1168 381 CENSUUM
1194 352 1248 380 DE
1272 344 1457 382 L'EGLISE
1480 354 1689 384 ROMAINE.
2184 360 2241 391 393

185 415 302 445 dinalis
334 415 418 444 tituli
443 419 550 445 sancte
575 416 701 452 Crucis,
728 422 913 455 procurator
936 417 1047 446 domni
1077 425 1154 455 pape

186 468 336 504 Adriani,
354 477 390 497 ex
408 468 509 506 ipsius
530 469 680 499 mandato
702 474 731 498 et
755 474 910 508 precepto,
936 469 969 498 in
995 469 1154 507 presentia

187 520 308 559 Filippi
325 525 432 550 sancte
455 521 540 550 sedis
556 521 724 560 apostolice
741 521 899 551 sacellarii
915 521 1048 559 judicis,
1066 530 1154 550 cam-

190 573 241 603 bio
258 577 287 602 et
303 578 447 611 permoto
465 574 520 603 tibi
542 574 699 604 Rainaldo
715 574 752 603 de
772 574 902 612 Aquino
921 574 1046 612 tuisque
1063 574 1154 602 bere-

188 625 284 655 dibus
302 634 338 655 ac
354 626 589 655 successoribus
608 627 640 655 in
659 631 864 664 perpetuum,
883 626 914 654 id
935 631 982 655 est
1004 626 1155 655 medieta-

191 682 254 707 tem
276 679 370 707 totius
388 678 481 707 castri
499 678 583 715 quod
602 683 731 707 vocatur
751 679 842 707 Mons
862 678 962 707 sancti
981 678 1154 714 Johannis,

188 730 273 759 sicut
289 734 396 758 sancte
413 730 557 758 Romane
574 730 707 758 ecclesie
730 730 867 767 pertinet
887 734 917 758 et
939 730 1054 758 nostris
1071 729 1155 759 deti—

190 791 306 811 nemus
324 782 483 817 manibus,
501 790 574 810 cum
592 782 735 811 districto
751 786 781 810 et
797 781 912 820 placito
929 790 996 816 suo,
1012 790 1084 811 cum
1099 782 1156 811 do-

191 835 311 869 mibus,
325 833 429 869 terris,
441 834 555 867 vineis,
571 833 673 869 silvis,
686 833 854 871 paludibus
869 838 897 863 et
909 834 1068 872 pantanis,
1083 842 1155 863 cum

188 885 339 915 omnihus
356 885 421 914 suis
437 885 655 922 pertinentiis,
678 885 891 920 molendinis,
910 887 1047 923 positum
1066 886 1155 915 terri-

189 929 276 968 torio
295 937 495 975 Campanino
519 937 600 966 sicut
626 938 710 966 inter
736 946 809 967 suos
835 938 1038 967 concluditur
1064 938 1156 974 fines,

189 991 271 1019 sicut
286 990 404 1019 domno
422 999 498 1027 pape
519 994 548 1019 et
564 993 671 1018 sancte
694 990 838 1019 Romane
858 990 989 1020 ecclcsie
1008 991 1155 1028 pertinet,

190 1043 235 1072 sic
253 1043 307 1071 tibi
323 1042 437 1071 damus
449 1046 477 1071 et
493 1047 733 1080 permutamnsg
753 1042 807 1071 tali
825 1051 898 1072 vero
914 1046 1021 1072 tenore
1038 1048 1067 1071 et
1083 1052 1157 1073 con·-

190 1095 313 1125 ditione
333 1100 365 1124 ut
383 1100 412 1124 tu
434 1095 483 1124 vel
500 1095 617 1133 aliquis
637 1094 777 1124 liliorum
798 1102 923 1125 tuorum
946 1095 1003 1133 qui
1019 1101 1159 1124 castrum

194 1153 303 1177 tenere
312 1148 413 1183 debet,
425 1148 661 1186 etquicumque
672 1153 810 1177 castrum
823 1153 973 1186 perpetuo
986 1149 1158 1185 tenuerint,

191 1200 379 1230 fidelitatem
405 1205 435 1230 et
462 1200 643 1230 hominium
669 1200 772 1230 facere
798 1200 915 1230 debent
937 1201 1056 1231 domno
1080 1210 1159 1240 pape

190 1253 336 1282 Adriano
353 1258 382 1282 et
401 1253 467 1282 suis
484 1252 648 1282 catholicis
673 1254 909 1283 successoribus
926 1258 955 1283 et
970 1259 1078 1283 sancte
1096 1254 1158 1284 Ro-

193 1314 290 1335 mane
304 1305 449 1340 ecclesie,
465 1305 617 1344 adjuvare
636 1315 688 1344 per
700 1315 851 1344 personas
864 1310 982 1335 vestras
1000 1310 1028 1335 et
1043 1315 1098 1344 per
1114 1306 1160 1344 ip-

191 1368 262 1388 sum
280 1364 419 1388 castrum
434 1382 440 1395 ,
458 1368 608 1396 guerram
627 1364 657 1388 et
676 1368 783 1397 pacem
801 1359 904 1388 [acere
922 1363 1031 1388 contra
1048 1368 1160 1389 omnes

192 1410 342 1440 homines
359 1416 389 1440 et
410 1411 530 1440 servire
547 1411 666 1440 domno
688 1420 767 1450 pape
789 1416 818 1440 et
837 1412 1076 1441 successoribus
1094 1412 1161 1441 suis

191 1469 222 1493 et
244 1469 352 1493 sancte
378 1464 522 1494 Romane
547 1464 690 1500 ecclesie,
718 1464 802 1493 sicut
827 1473 862 1494 ex
886 1465 958 1494 aliis
984 1465 1160 1504 Campanie

197 1517 380 1551 baronibus,
398 1517 436 1545 ad
455 1517 641 1546 mandatum
655 1522 684 1546 et
698 1522 879 1555 preceptum
893 1522 1000 1547 sancte
1018 1518 1161 1548 Romane

195 1570 338 1600 ecclesio.
355 1570 431 1599 Tam
447 1574 476 1599 tu
490 1579 585 1608 qnam
600 1574 630 1599 et
643 1570 702 1599 tilii
719 1571 760 1599 tui
775 1575 926 1599 etomncs
940 1571 994 1609 qui
1012 1571 1043 1599 in
1059 1574 1161 1601 castro

198 1628 317 1662 partem
335 1623 508 1659 habebunt,
524 1623 682 1661 jurabunt
699 1623 777 1661 ipsis
798 1623 855 1662 qni
873 1623 1059 1652 fidelitatem
1075 1624 1162 1662 jura-

194 1679 310 1705 verunt
326 1676 444 1705 domno
463 1685 541 1713 pape
559 1675 641 1714 quod
660 1677 705 1705 eis
722 1680 859 1705 castrum
880 1685 934 1714 per
952 1686 1005 1706 vos
1023 1677 1070 1705 vel
1090 1686 1160 1706 ves-

197 1734 258 1758 tras
275 1729 451 1758 submissas
472 1737 624 1766 personas
648 1737 710 1758 non
730 1729 882 1758 auferetis
905 1738 1007 1767 neque
1030 1730 1067 1759 de
1087 1731 1162 1768 Jure

193 1786 225 1811 et
247 1781 390 1811 dominio
408 1781 529 1810 domini
549 1790 626 1819 pape
645 1786 673 1810 et
691 1781 922 1810 catholicorum
941 1790 1160 1811 successorum

165 1836 167 1839 '
193 1843 327 1863 suorum
346 1839 376 1863 et
392 1838 499 1863 sancte
518 1835 661 1863 Romane
677 1834 811 1864 ecclesie
835 1835 1038 1864 subtrahetis.
1059 1836 1163 1865 Immo

195 1886 223 1915 si
252 1886 384 1916 ecclesie
414 1886 558 1916 Romane
581 1895 658 1925 opus
683 1887 790 1921 suerit,
818 1887 989 1917 absolvetis
1015 1888 1163 1918 homines

196 1943 317 1969 vestros
332 1939 370 1968 de
390 1939 530 1977 predicto
551 1943 652 1968 castro
668 1948 686 1968 a
699 1941 883 1978 juramento
900 1945 929 1969 et
945 1940 990 1969 eis
1008 1940 1162 1979 precipie-

197 1992 237 2021 tis
255 1996 287 2021 ut
301 1991 454 2030 adjuvent
471 1991 638 2021 ecclesiam
652 1992 830 2022 Romanam
849 2002 920 2022 cum
935 1993 979 2021 eis
993 1994 1047 2031 qui
1065 1993 1162 2023 eccle-

194 2045 243 2074 sie
260 2045 406 2074 Romane
424 2045 462 2074 de
480 2045 633 2074 fidelitate
656 2047 815 2074 tenentur.
841 2046 915 2075 Ideo
935 2046 1016 2075 lianc
1033 2056 1162 2084 permu—

196 2097 349 2127 tationem
374 2098 429 2127 tibi
450 2098 528 2127 facio
547 2098 624 2136 quia
647 2103 677 2126 tu
699 2098 813 2127 dedisti
839 2099 1020 2136 supradicto
1044 2099 1162 2129 domno

196 2158 275 2188 pape
292 2155 322 2178 et
340 2150 577 2179 successoribus
598 2150 665 2179 suis
684 2151 848 2180 catholicis
865 2152 1067 2181 medietatem
1084 2152 1162 2182 duo-

195 2211 268 2231 rum
285 2208 475 2237 castrorum,
494 2203 589 2232 unius
606 2202 758 2232 destructi
771 2208 800 2232 et
812 2203 945 2233 alterius
957 2205 1089 2242 integri,
1102 2214 1163 2243 que

197 2260 353 2285 vocantur
372 2255 478 2291 Bruti,
501 2264 572 2285 cum
595 2256 746 2285 omnibus
763 2258 964 2295 pertinentiis
983 2259 1061 2296 suis,
1082 2259 1164 2288 sicut

196 2307 229 2336 in
246 2312 331 2343 carta
347 2316 366 2336 a
382 2311 410 2336 te
427 2317 481 2345 per
498 2309 636 2338 eundem
653 2309 858 2339 scriniarium
877 2310 957 2340 sacta
969 2313 1163 2341 continetur.

198 2360 236 2389 Et
252 2360 291 2389 ab
308 2359 367 2389 hac
384 2360 491 2399 itaque
511 2361 588 2390 bora
605 2361 767 2391 licentiam
792 2366 821 2391 et
842 2367 1024 2400 potestatem
1048 2364 1164 2394 habeas

198 2418 229 2442 tu
247 2413 296 2442 vel
316 2414 449 2443 heredes
468 2414 513 2443 tui
533 2415 565 2442 in
587 2415 760 2452 predictam
782 2416 984 2445 medietatem
1002 2418 1096 2446 castri
1114 2418 1164 2446 in-

198 2467 314 2503 trandi,
335 2467 475 2501 tenendi,
499 2467 638 2501 fruendi,
657 2468 840 2505 possidendi
864 2472 894 2497 et
915 2469 1052 2498 faciendi
1076 2471 1164 2507 quic-

199 2519 276 2558 quid
290 2520 454 2549 volueritis
470 2521 501 2549 in
518 2525 717 2558 perpetuum,
732 2521 909 2551 secundum
923 2522 1005 2560 quod
1022 2523 1165 2552 Romane

185 2695 202 2715 4
218 2691 307 2721 Rayn.
324 2692 346 2714 A
363 2704 391 2708 —
412 2695 441 2715 26
456 2698 554 2716 summ.
571 2692 593 2714 A
613 2704 642 2708 —
662 2697 691 2717 30
707 2696 879 2716 sacramento
895 2692 917 2716 A
937 2706 966 2710 —
986 2697 1010 2717 31
1028 2693 1082 2716 illis
1098 2694 1120 2716 A
1137 2706 1164 2710 —-

154 2739 180 2759 ιι
198 2737 359 2761 <sancte>
376 2735 498 2758 Romane
514 2735 537 2758 Α

158 2895 261 2926 Ubald‚
275 2904 309 2922 eu
328 2898 467 2930 presence
478 2895 515 2922 du
532 2896 697 2922 saccellaire
714 2895 856 2930 philippe,
870 2897 999 2931 ecbange
1012 2906 1082 2924 avec
1098 2897 1168 2924 Rai-

158 2944 223 2970 nald
239 2945 386 2978 d'Aquino
404 2944 428 2970 la
451 2945 548 2970 moitie
569 2943 603 2969 de
629 2943 896 2970 Mont-Saint-Jean
914 2949 1012 2971 contre
1030 2945 1054 2971 la
1071 2946 1168 2972 moitie

157 2992 194 3018 de
210 2992 308 3019 Monte
332 2993 459 3019 Librctti.

301 3054 386 3081 Lim-:u
405 3053 547 3081 censuum.
569 3067 604 3073 —
622 3053 646 3080 Ι.

1213 475 1233 491 r

1277 417 1408 448 ecclesie
1427 420 1572 456 pertinet.
1591 420 1659 449 Tali
1676 421 1807 458 quidem
1825 422 2008 453 conditione
2023 429 2056 453 ut
2073 430 2102 454 tu
2120 426 2169 455 vel
2185 426 2242 457 he-

1278 469 1368 499 redes
1385 471 1430 499 tui
1443 471 1643 501 medietatem
1658 473 1759 511 ipsius
1775 475 1867 504 castri
1880 484 1943 504 non
1962 477 2104 506 vendetis
2120 478 2168 508 vel
2180 479 2243 509 alio

1278 523 1372 552 modo
1388 522 1573 553 alienabitis
1587 525 1680 554 alicui
1700 535 1832 563 persone
1848 537 1910 565 que
1924 534 2067 558 moretur
2085 530 2165 559 ultra
2182 532 2243 561 ssu-

1278 583 1351 603 meu
1372 575 1547 612 Ceperani,
1567 577 1626 605 nisi
1647 577 1724 607 sorte
1743 579 1825 607 inter
1845 588 1908 608 vos.
1925 580 1956 609 Si
1974 580 2051 610 sorte
2068 581 2242 620 aliquando

1281 626 1446 656 volueritis
1463 634 1582 666 partem
1604 635 1739 659 vestram
1764 631 1906 661 alienare
1927 642 1997 662 cum
2022 635 2170 671 predictis
2186 636 2241 665 ho-

1281 679 1414 708 neribus
1431 685 1460 709 et
1475 681 1713 711 conditionibus
1729 683 1886 719 alienetis,
1906 685 1959 713 sed
1973 686 2060 723 prius
2075 688 2243 725 requiretis

1281 731 1436 761 domnum
1462 742 1573 771 papam
1604 735 1657 771 qui
1683 744 1738 772 pro
1765 739 1903 773 tempore
1933 737 2027 767 fuerit
2052 743 2081 767 et
2101 746 2241 770 sanctam

1282 785 1459 814 Romanam
1480 785 1663 822 ecclesiam3
1682 792 1711 816 et
1724 788 1749 816 si
1767 788 1905 818 voluerit
1919 799 2023 819 emere
2036 800 2090 828 pro
2103 801 2140 820 xx
2154 792 2243 822 libris

1281 837 1443 875 papiensis
1462 843 1585 867 monete
1602 839 1712 868 minus
1727 841 1752 869 ei
1774 842 1964 871 concedetis.
1981 843 2071 878 Quod
2090 845 2113 873 si
2133 845 2241 875 nolue-

1281 890 1320 918 rit
1336 898 1457 925 emere,
1480 894 1555 920 tunc
1581 892 1718 921 vendere
1748 895 1886 930 poteritis
1907 904 1961 923 seu
1983 895 2124 925 alienare
2146 897 2242 928 alicui

1281 950 1414 979 persone
1430 952 1492 980 que
1509 944 1623 973 merito
1645 953 1706 973 non
1726 946 1764 973 sit
1782 950 1924 984 suspecta
1939 947 2080 977 Romane
2099 949 2240 985 ecclesie,

1282 998 1385 1024 tamen
1404 1005 1476 1024 cum
1496 997 1686 1034 supradictis
1704 998 1879 1027 honeribus
1896 1006 1925 1029 ct
1941 1001 2186 1031 conditionibus.
2207 1004 2243 1032 Et

1281 1047 1451 1077 defendere
1478 1050 1693 1085 promittimus
1715 1052 1753 1079 ab
1775 1053 1863 1080 omni
1889 1052 2034 1088 homine,
2062 1055 2086 1083 si
2116 1064 2243 1085 necesse

1282 1100 1396 1135 suerit,
1417 1110 1496 1138 pena
1513 1112 1548 1130 Lx
1567 1102 1721 1131 librarum
1739 1105 1818 1132 auri.
1841 1105 1875 1133 Et
1897 1110 1926 1133 tu
1952 1107 2150 1143 supradictus
2166 1108 2242 1137 Rai-

1282 1152 1397 1181 naldus
1413 1154 1501 1182 tactis
1517 1156 1724 1183 sacrosanctis
1738 1156 1913 1193 evangeliis
1927 1159 2042 1194 jurasti
2060 1164 2086 1188 tc
2097 1160 2243 1189 observa-

1284 1209 1389 1234 turum
1409 1207 1477 1235 sine
1491 1207 1602 1236 fraude
1618 1212 1645 1236 et
1659 1209 1742 1238 malo
1761 1209 1901 1246 ingenio,
1920 1211 2002 1240 sicut
2018 1213 2162 1249 superius
2177 1214 2244 1243 dic-

1285 1261 1349 1286 tum
1369 1262 1424 1286 est.

1242 1414 1311 1444 CX.
1334 1432 1374 1438 —
1398 1416 1574 1446 Exenrtnn
1599 1426 1741 1447 canTcLE
1764 1428 1802 1448 nr:
1826 1428 1927 1448 EADEM
1950 1422 2023 1451 115¹.

1324 1521 1388 1558 Ego
1407 1522 1582 1552 Rainaldus
1598 1523 1636 1552 de
1653 1524 1800 1561 Aquino,
1827 1513 1970 1562 presente
1991 1526 2108 1556 domno
2127 1527 2247 1565 Filippo

1285 1573 1449 1604 sacellario
1471 1575 1643 1613 apostolice
1661 1576 1744 1605 sedis
1757 1577 1884 1613 judice,
1909 1578 2033 1607 cambio
2055 1584 2083 1607 et
2103 1585 2248 1617 pei-muto

1285 1626 1343 1655 tibi
1360 1626 1477 1656 domno
1495 1627 1639 1657 Adriano
1658 1638 1675 1657 a
1695 1629 1759 1658 Deo
1774 1629 1899 1659 decreto
1918 1640 2044 1660 summo
2061 1632 2201 1669 pontifici
2219 1638 2249 1662 et

1277 1672 1460 1708 'universali
1478 1689 1556 1718 pape
1576 1681 1654 1715 1111,
1671 1685 1700 1710 et
1717 1690 1771 1719 per
1789 1686 1814 1710 te
1832 1687 1939 1711 sancte
1959 1683 2099 1712 Romane
2118 1684 2248 1714 ecclesie

1286 1731 1462 1769 vestrisque
1478 1732 1640 1762 catholicis
1662 1734 1896 1763 successoribus
1916 1735 1953 1763 ad
1974 1737 2195 1774 proprietatem
2215 1738 2247 1766 in

1284 1789 1472 1822 perpetuum
1485 1808 1491 1820 ,
1520 1786 1755 1815 interveniente
1786 1794 1841 1823 pro
1873 1791 1901 1815 te
1929 1789 2086 1817 curatorio
2118 1790 2249 1819 nomine

1284 1836 1401 1866 domno
1423 1837 1548 1867 Ubaldo
1564 1838 1748 1876 presbytero
1763 1839 1918 1868 cardinali
1941 1840 2022 1868 tituli
2042 1846 2148 1870 sancte
2169 1842 2249 1870 Cru-

1284 1889 1340 1923 cis,
1359 1889 1390 1918 id
1407 1894 1453 1918 est
1470 1890 1672 1919 medietatem
1686 1891 1718 1919 in
1735 1891 1893 1926 integrum
1908 1892 2042 1921 duorum
2059 1898 2247 1927 castrorum,

1286 1944 1382 1971 unius
1399 1943 1550 1972 destructi
1569 1947 1598 1972 et
1614 1944 1746 1972 alterius
1758 1944 1888 1981 integri,
1901 1954 1973 1973 cnm
1990 1954 2078 1974 rocca
2095 1956 2162 1981 sua,
2176 1956 2248 1975 cnm

1286 1994 1436 2024 domibus
1453 1995 1539 2024 intus
1555 2000 1585 2024 et
1601 1996 1686 2028 soris.
1705 2005 1776 2024 cum
1797 1998 1898 2031 terris,
1918 1998 2032 2032 vineis,
2058 1999 2158 2033 silvis,
2180 2008 2249 2028 mo-

1286 2047 1442 2083 lendinis,
1457 2048 1624 2086 paludibus
1641 2052 1670 2077 et
1687 2050 1834 2086 pantanis
1857 2054 1886 2078 et
1905 2050 2048 2079 districto
2066 2060 2122 2080 suo
2139 2056 2168 2080 et
2182 2062 2250 2081 om-

1287 2100 1383 2128 nibus
1402 2100 1512 2129 usibus
1529 2105 1558 2129 et
1575 2100 1767 2130 utilitatibus
1783 2110 1817 2130 ac
1832 2103 2036 2139 pertinentiis
2055 2104 2133 2139 suis,
2152 2106 2251 2142 posita

1286 2152 1318 2180 in
1338 2152 1497 2182 territorio
1514 2153 1699 2187 Sabinensi‚
1717 2154 1750 2182 in
1768 2154 1833 2183 loco
1847 2155 1900 2192 qui
1916 2155 2031 2184 dicitur
2046 2156 2150 2193 Britti,
2169 2158 2251 2186 sicut

1286 2206 1370 2235 inter
1391 2214 1464 2235 suos
1481 2206 1685 2236 concluditur
1704 2207 1784 2236 fines
1798 2231 1804 2243 ,
1824 2209 1908 2237 sicut
1931 2209 2010 2237 mihi
2030 2211 2164 2248 pertinet
2179 2212 2250 2247 jure

1286 2258 1479 2288 hereditario
1499 2259 1547 2287 vel
1564 2259 1705 2298 quolibet
1722 2260 1831 2295 modo,
1857 2261 1900 2290 sic
1923 2262 1979 2290 tibi
2003 2267 2032 2291 et
2057 2267 2163 2292 sancte
2191 2264 2251 2293 Ro-

1287 2320 1382 2340 mane
1399 2311 1530 2341 ecclesie
1549 2313 1674 2342 cambio
1689 2317 1719 2342 et
1734 2318 1896 2351 pei-muto,
1918 2314 1989 2344 ideo
2005 2315 2080 2353 quia
2098 2316 2179 2344 mihi
2197 2316 2252 2345 de-

1287 2364 1361 2393 disti
1384 2374 1479 2394 causa
1500 2366 1744 2402 permutationis
1762 2366 1964 2395 medietatem
1982 2368 2139 2404 integram
2158 2369 2252 2397 unius

1288 2418 1382 2447 castri
1400 2418 1482 2456 quod
1501 2423 1630 2447 vocatur
1645 2419 1736 2448 Mons
1753 2420 1851 2448 sancti
1867 2419 2039 2455 Jobannis,
2056 2429 2129 2449 cum
2148 2421 2253 2450 domi-

1288 2471 1362 2506 bus,
1387 2471 1494 2506 terris,
1518 2472 1636 2507 vineis,
1660 2472 1876 2507 molendinis,
1900 2471 2010 2508 silvis,
2034 2472 2202 2509 paludibus
2224 2477 2253 2502 et

1289 2523 1438 2561 pantanis
1457 2527 1486 2552 et
1502 2523 1625 2561 placitis
1644 2528 1673 2552 et
1688 2523 1832 2552 districto
1852 2532 1908 2553 suo
1925 2528 1953 2552 ct
1970 2524 2123 2553 omnibus
2141 2525 2252 2553 usibus

1289 2581 1319 2605 et
1341 2575 1530 2605 utilitatibus
1545 2570 1581 2605 ac
1604 2576 1808 2613 pertinentiis
1831 2576 1916 2612 suis,
1936 2576 2071 2614 positum
2095 2577 2252 2606 territorio

1282 2744 1306 2764 14
1323 2740 1409 2770 Rayn.
1426 2741 1448 2763 A

1282 2788 1306 2808 18
1323 2784 1501 2812 <alterius>
1518 2784 1621 2806 cartule
1637 2784 1660 2806 A

1288 2946 1310 2971 1.
1331 2945 1463 2975 Albinus,
1480 2944 1520 2970 XI
1536 2945 1578 2971 39.
1595 2944 1806 2979 Contre-partie
1818 2944 1852 2970 de
1868 2945 1893 2970 la
1909 2945 2006 2971 charte
2020 2946 2203 2980 precedente,
2218 2956 2255 2973 au

1252 3001 1317 3019 nom
1335 2993 1370 3019 de
1388 2993 1507 3019 Rainald
1523 2992 1680 3027 d’Aquino.

2083 3055 2115 3082 50

2299 912 2322 930 11]

2306 2115 2331 2132 ss·
