2434 3530
85 890 113 908 10

687 342 737 370 LE
762 342 906 371 LIBER
928 340 1161 371 CENSUUM
1188 342 1241 370 DE
1267 334 1451 371 L'FIGLISE
1475 343 1683 372 ROMAINE.
2178 346 2236 376 377

176 407 328 437 ducatum
350 406 466 443 Apulie
490 411 520 435 et
542 406 754 444 principatum
774 407 879 445 Capue
901 415 975 436 cum
999 406 1151 435 omnibns

181 458 390 497 pertinentiis
411 457 494 494 suis,
522 458 708 496 Neapolim,
732 458 902 487 Salei-num
927 463 956 487 et
978 457 1150 487 Amalfiam

181 519 255 540 cum
291 510 496 548 pertinentiis
523 511 610 546 suis,
652 511 802 539 Marsiam
831 515 862 539 et
888 510 949 539 alia
979 518 1041 548 que
1070 510 1151 538 ultra

180 563 333 592 Marsiam
359 562 513 591 debemus
539 562 655 591 habere
684 567 713 591 et
739 562 862 601 reliqua
890 563 1068 592 tenimenta
1090 571 1151 601 que

180 619 328 645 tenemus
348 624 365 644 a
383 615 660 653 predecessoribus
682 616 814 649 nostris,
840 615 1026 644 hominibus
1046 623 1151 644 sacro-

179 671 288 697 sancte
304 668 448 697 Romane
465 667 608 703 ecclesie,
621 668 696 705 jure
712 668 850 704 detenta,
869 672 898 697 et
914 672 1024 697 contra
1039 676 1151 697 omnes

180 720 330 750 homines
348 719 542 758 adjuvabitis
559 719 734 749 honorifice
750 724 972 749 manutenere.

224 773 285 801 Pro
304 771 421 810 quibus
439 771 591 801 omnibus
610 772 698 801 vobis
718 772 893 809 vestrisque
912 772 1151 801 successoribus

180 829 212 854 et
238 829 346 854 sancte
373 824 518 853 Romane
543 823 676 853 ecclesie
701 824 886 852 fidelitatem
910 824 1094 861 juravimus
1122 829 1153 854 et

181 877 272 907 vobis
299 876 414 914 ligium
440 876 621 905 hominium
646 876 794 909 fecimus,
814 876 895 904 sicut
915 876 1096 905 continetur
1117 876 1150 905 in

180 929 304 958 duobus
322 928 483 957 similibus
499 928 888 966 capitularibus,quorum
902 927 1038 957 alterum
1055 937 1152 966 penes

181 985 319 1010 vestram
337 981 536 1018 majestatem
554 979 659 1017 sigillo
676 984 783 1009 nostro
799 988 907 1015 aureo,
924 980 1059 1010 alterum
1078 989 1152 1010 vero

180 1033 290 1070 sigillo
308 1036 410 1062 vestro
426 1033 587 1069 signatum
605 1041 701 1070 penes
718 1041 775 1061 nos
792 1032 938 1062 habetur.
961 1032 997 1061 Et
1019 1041 1151 1062 censum

180 1089 406 1115 sexcentorum
428 1084 635 1114 schffatorum
660 1084 698 1114 de
721 1084 837 1122 Apulia
852 1089 881 1113 et
898 1084 1056 1122 Calabria,
1073 1093 1152 1123 qua·

181 1137 431 1174 dringentorum
449 1145 522 1166 vero
538 1137 576 1165 de
594 1137 726 1171 Mai-sia,
746 1136 795 1166 vel
814 1136 1002 1175 equivalens
1020 1137 1055 1166 in
1075 1146 1153 1167 auro

181 1189 232 1219 vel
256 1194 388 1227 argento
417 1198 474 1219 uos
500 1198 535 1218 ac
562 1192 687 1218 nostros
712 1188 846 1218 heredes
869 1189 1039 1218 statuimus
1058 1189 1154 1218 annis

181 1242 323 1280 siugulis
344 1241 522 1278 soluturos,
546 1241 609 1270 nisi
632 1241 710 1270 sorte
735 1241 1004 1279 impedimentum
1022 1241 1153 1280 aliquod

183 1295 408 1330 intervenerit,
429 1302 492 1332 quo
508 1298 651 1323 cessante
667 1302 783 1324 census
801 1302 836 1322 ex
854 1293 982 1331 integro
997 1294 1153 1332 persolve-

176 1470 203 1490 16
217 1466 333 1489 heredes
350 1466 507 1495 <Romane
523 1466 672 1492 ecclesie>
689 1465 711 1488 Α
727 1479 755 1483 -
774 1470 797 1490 18
813 1465 1007 1495 supervenerit
1023 1465 1046 1489 A

145 1976 351 2007 LXXXVII.
369 1993 406 1997 -—
423 1976 587 2005 Ri-:nmrus
603 1984 780 2005 coinTA'rus
797 1975 924 2005 Nimim:
940 1985 979 2005 ET
996 1977 1123 2007 Asnam
1135 1978 1157 2006 ¹.

229 2083 372 2112 Castrum
396 2082 494 2110 sancti
518 2082 636 2110 Gemini
657 2090 687 2110 vi
709 2082 802 2110 libras
826 2082 957 2110 lucenses
978 2087 1004 2111 et
1025 2083 1159 2112 collecto-

185 2135 274 2164 ribus
288 2143 326 2163 xx
342 2135 462 2163 solidos.

231 2187 376 2224 Capitone
394 2195 411 2215 L
426 2186 536 2215 solidos
551 2191 577 2214 et
591 2187 794 2215 collectoribus
809 2195 839 2215 V1
858 2187 978 2215 solidos.

228 2240 337 2268 Insula
355 2249 371 2268 i.
387 2239 497 2268 solidos
511 2244 536 2267 el
552 2239 756 2268 collectoribus
773 2247 804 2267 vt
821 2239 940 2268 solidos

227 2292 399 2321 Perticaria
416 2301 453 2320 xz.
469 2292 579 2320 solidos
594 2296 620 2320 et
636 2292 840 2320 collectoribus
854 2301 884 2321 vi
902 2292 1021 2321 solidos.

229 2345 429 2381 Coldiscipuli
443 2353 463 2373 v
480 2345 573 2373 libras
588 2349 614 2373 et
632 2345 836 2373 collectoribus
851 2353 891 2373 xv
908 2345 1028 2374 solidos.

227 2397 404 2426 Slruncuuc
420 2406 437 2425 v
455 2397 548 2425 libras
564 2401 590 2425 et
603 2397 807 2425 collectoribus
822 2405 861 2425 xv
877 2397 995 2426 solidos.

230 2449 356 2486 Lccoppe
372 2457 429 2477 xxx
444 2449 554 2477 solidos
571 2453 597 2477 el
613 2449 817 2477 collectoribus
831 2457 878 2477 1111
894 2449 1015 2478 solidos.

228 2501 417 2530 Balduiuum
435 2510 473 2529 xx
488 2501 609 2529 solidos.

228 2554 387 2582 Feuoclelu
402 2562 489 2582 xx1111
504 2553 625 2582 solidos.

230 2606 367 2643 Longula
383 2615 400 2635 1.
415 2606 526 2634 solidos
540 2611 566 2634 ct
583 2606 787 2635 collectoribus
804 2615 836 2635 vi
852 2607 972 2635 solidos.

229 2659 331 2687 Acuzo
346 2667 405 2687 xxx
421 2658 532 2686 solidos
547 2663 573 2686 ct
589 2659 794 2687 collectoribus
810 2667 855 2688 1111
870 2659 991 2688 solidos.

228 2710 361 2739 Sanctus
377 2710 515 2738 Urbanus
532 2719 619 2739 xxun
635 2711 756 2739 solidos.

190 2879 217 2906 1.
233 2878 272 2905 Ce
288 2879 459 2911 document,
475 2881 572 2913 ajoute
587 2878 620 2904 de
635 2878 760 2904 seconde
776 2880 861 2910 main,
877 2880 953 2906 avait
966 2881 1010 2906 ete
1026 2879 1089 2914 deja
1105 2880 1162 2906 mis

1275 411 1336 436 tur.
1359 407 1476 437 Ouinia
1497 417 1568 437 vero
1585 409 1723 445 predicta
1739 418 1800 446 que
1816 410 1906 438 nobis
1923 411 2138 447 concessistis,
2154 413 2235 442 sicut

1277 459 1368 487 nobis
1390 460 1431 487 ita
1455 460 1549 488 etiam
1568 464 1596 488 et
1622 460 1791 489 heredibus
1810 463 1925 490 nostris
1947 463 2138 499 conceditis,
2156 474 2235 502 quos

1274 510 1456 540 voluntaria
1481 512 1684 542 ordinatione
1710 518 1816 543 nostra
1842 516 2056 551 statuerimus,
2077 517 2131 554 qui
2154 518 2236 546 sicut

1276 571 1333 592 nos
1350 563 1437 592 vobis
1454 565 1631 602 vestrisque
1647 567 1882 595 successoribus
1898 570 1927 596 et
1943 567 2073 597 ecclesie
2091 569 2235 598 Romane

1275 615 1461 644 fidelitatem
1492 616 1593 645 sat-ere
1628 622 1656 645 et
1687 627 1748 655 que
1776 619 1947 657 prescripta
1975 625 2049 649 sunt
2076 621 2236 650 voluerint

1274 668 1452 697 observare.

1315 720 1357 749 Ut
1385 724 1490 749 autem
1523 730 1583 759 que
1609 722 1788 760 supradicta
1816 729 1891 753 sunt
1921 729 1984 753 tam
2010 729 2113 755 vestro
2139 735 2234 764 quam

1275 780 1494 801 successorum
1516 779 1691 802 vestroruin
1713 779 1850 812 tempore
1871 782 2052 814 perpetuam
2073 779 2238 815 optineant

1274 823 1457 853 firmitatem
1472 829 1502 853 et
1514 834 1570 854 nec
1587 824 1702 855 nostris
1720 836 1776 856 nec
1794 832 1973 857 nostrornm
1988 829 2145 859 heredum
2159 835 2238 859 tem-

1275 876 1404 913 poribus
1428 876 1563 914 alicujus
1590 878 1715 907 valeant
1743 881 1980 917 presumptione
2010 882 2144 917 turbari,
2167 892 2237 920 pre-

1276 936 1350 956 sens
1369 929 1521 966 scriptum
1539 938 1593 967 per
1610 940 1742 959 manuni
1760 932 1878 961 Matliei
1895 934 2009 962 notarii
2027 935 2125 963 nostri
2141 935 2238 964 scribi

1275 982 1305 1009 et
1333 981 1419 1009 bulla
1446 990 1541 1011 aurea
1569 987 1676 1011 nostro
1705 983 1818 1021 tipario
1845 985 2000 1022 impressa
2027 986 2178 1023 insigniri
2204 995 2239 1015 ac

1275 1036 1384 1062 nostro
1403 1033 1567 1070 signaculo
1583 1034 1724 1064 decorari
1739 1037 1906 1072 jussimus.

1319 1086 1433 1115 Datum
1447 1091 1520 1115 ante
1533 1086 1750 1116 Beneventum
1763 1097 1816 1125 per
1829 1098 1960 1118 manum
1977 1090 2112 1119 Maionis
2128 1091 2239 1128 magni

1276 1138 1437 1166 ammirati
1454 1139 1707 1175 ammiratorum,
1725 1149 1810 1169 anno
1828 1140 1988 1170 dominice
2006 1142 2240 1171 incarnationis

1277 1194 1430 1224 M⁰C⁰L⁰Vt⁰,
1451 1199 1562 1219 mense
1585 1191 1671 1229 junii
1698 1196 1808 1229 quarte
1835 1193 2034 1229 indictionis,
2058 1203 2143 1224 anno
2166 1204 2240 1224 vero

1277 1243 1367 1279 regni
1387 1243 1499 1272 domni
1515 1243 1675 1272 willelmi
1701 1244 1755 1272 Dei
1779 1245 1880 1281 gralia
1897 1246 2058 1282 magnifici
2077 1251 2106 1275 et
2122 1246 2241 1283 glorio-

1279 1295 1398 1324 sissimi
1416 1295 1498 1332 regis
1515 1295 1644 1324 Siciliae
1660 1305 1690 1325 vi
1709 1296 1855 1326 feliciter.
1875 1299 1991 1326 Amen.

1268 1471 1282 1490 3
1299 1468 1415 1496 <pro>
1432 1467 1536 1490 volunt.
1554 1467 1576 1489 Α
1591 1480 1618 1483 -
1633 1470 1648 1490 8
1665 1470 1733 1490 vest.
1750 1473 1824 1490 succ.
1841 1467 1862 1490 A
1879 1479 1907 1484 --
1925 1472 1948 1491 tl·
1962 1467 2035 1497 ante]
2051 1468 2087 1490 a’i'i‘
2099 1467 2119 1491 C

1323 1978 1462 2006 Castrum
1486 1979 1569 2006 Vetus
1583 1987 1625 2006 xii
1642 1979 1761 2007 solidos.

1324 2031 1461 2059 Castrum
1480 2031 1554 2067 Layc
1570 2040 1643 2059 xxm
1658 2031 1779 2059 solidos.

1322 2083 1438 2111 Liteuri
1456 2091 1527 2111 xxni
1544 2083 1664 2111 solidos.

1323 2135 1462 2170 Lafracla
1478 2144 1549 2163 xcvl
1565 2136 1684 2163 solidos.

1323 2188 1469 2224 Bulyaria
1485 2197 1545 2216 XLV
1560 2188 1680 2216 solidos.

1811 2136 1972 2164 Viti-colum
1989 2136 1998 2155 ¹
2018 2144 2047 2164 tx
2065 2136 2170 2164 libras.

1807 2188 1898 2216 Carci
1914 2197 1945 2216 vx
1963 2188 2066 2216 libras.

1325 2241 1495 2269 Tei-:amem
1514 2249 1590 2269 xvni
1608 2240 1727 2269 solidos.
1808 2241 2007 2269 Albinianam
2025 2249 2060 2269 111
2078 2241 2180 2269 libras.

1322 2293 1431 2321 Bosoui
1445 2301 1463 2321 x
1479 2293 1599 2321 solidos.

1324 2345 1464 2382 Cousiuye
1479 2354 1498 2374 x
1512 2346 1633 2375 solidos.

1322 2398 1497 2434 illuminata
1514 2403 1539 2426 et
1556 2399 1741 2427 Corbianum
1756 2407 1793 2427 xi„
1808 2399 1927 2427 solidos.

1323 2451 1440 2479 Ametia
1456 2459 1496 2479 xv
1515 2451 1609 2479 libras
1623 2456 1649 2479 el
1668 2451 1881 2480 collectoribus.

1244 2606 1464 2636 LXXXVIII.
1484 2623 1522 2628 —-
1541 2607 1705 2636 Reomrus
1724 2606 1841 2636 Sama
1855 2609 1878 2635 ².

1323 2713 1361 2740 De
1379 2712 1525 2740 Malliauo
1541 2720 1603 2740 xxii
1620 2712 1714 2740 libras
1730 2712 1861 2740 luccuscs
1876 2721 1942 2740 cum
1961 2712 2079 2750 castello
2095 2713 2250 2742 Astriauo.

1325 2765 1362 2793 De
1377 2765 1507 2792 Flaz'ano
1521 2773 1552 2792 w
1570 2764 1665 2792 libras
1679 2773 1802 2800 proven.

2295 894 2319 912 10

150 2929 170 2955 ὁ
183 2927 381 2954 contribution
398 2936 471 2962 pour
487 2927 612 2953 t'eveche
625 2926 659 2952 de
674 2926 775 2958 Narni,
792 2927 863 2953 daus
879 2927 904 2952 la
920 2927 995 2954 table
1012 2927 1063 2954 des
1079 2936 1160 2959 cens,

147 2975 312 3008 ‹zi-dossas,
331 2986 358 3010 p.
377 2976 406 3002 54
426 2976 449 3002 b.
468 2990 500 2996 —
517 2975 664 3008 Muratori,
682 2976 757 3006 Ant„
776 2978 795 3001 t.
814 2974 850 3009 V,
867 2984 896 3010 p.
913 2975 975 3002 803.

1282 2928 1306 2954 1.
1323 2927 1518 2961 Cacographie
1534 2934 1607 2960 pour
1624 2927 1790 2953 [fericulum.

1280 2976 1306 3003 2.
1324 2975 1472 3005 Muratori.
1490 2977 1566 3008 Ant„
1583 2979 1603 3001 t.
1622 2974 1659 3007 V,
1676 2983 1702 3009 p.
1720 2975 1783 3002 804.

292 3038 379 3065 Liui-ni
398 3037 540 3064 Csnsuuu.
563 3050 598 3056 —
616 3036 639 3063 Ι.
2078 3036 2112 3063 48
