2434 3530
105 899 128 916 ιι]

107 1291 130 1309 15

108 2141 133 2158 3⁴»

155 351 212 381 39ιῖ
701 352 748 380 LE
773 350 918 380 LIBER
942 347 1177 378 CENSUUM
1200 347 1255 376 DE
1279 337 1466 377 L'E'GI,ISE
1490 348 1701 378 ROMAINE.

196 417 311 445 libram
331 425 426 444 unam
444 417 554 454 optimi
572 417 652 452 anri,
669 420 698 444 et
711 415 832 445 cartula
849 416 908 444 ista
923 415 956 443 iu
974 423 1031 443 sno
1048 414 1160 442 robore

197 471 392 506 permaneat.

237 521 303 549 Hoc
325 525 429 549 actum
451 525 498 549 est
520 521 553 549 in
576 526 678 550 castro
694 521 830 550 Viterbii
855 521 886 549 in
910 520 1004 549 domo
1026 519 1160 549 Gerardi

196 578 225 601 et
243 572 410 602 Bovatiaui
427 572 465 602 de
482 573 657 605 Casamala.
676 573 709 602 in
729 573 879 602 manibus
895 573 1007 602 domni
1027 571 1162 602 Bosonis

196 625 320 654 djacoui
350 625 524 654 cardinalis
552 630 734 655 sanctorum
762 625 876 655 Cosme
903 629 931 654 et
956 625 1105 654 Damiani
1134 628 1163 653 et

196 677 307 707 domni
332 686 409 715 pape
427 678 612 713 camerarii,
631 688 670 707 xv
688 678 843 707 kalendas
861 678 1003 715 augusti,
1021 685 1107 706 auno
1125 677 1164 706 ab

197 730 416 759 incarnatione
447 730 570 760 domini
602 731 702 760 nostri
727 732 804 760 Jesu
833 730 953 760 Christi
981 734 1162 766 isi⁰c⁰c⁰V111⁰,

197 783 393 820 temporibus
417 783 527 812 domni
549 783 685 812 Adriani
705 783 768 812 1111
788 792 883 822 pape,
905 791 990 812 auno
1014 783 1083 820 ejus
1098 792 1162 817 1111,

197 843 307 863 meuse
320 834 414 872 julio,
431 835 607 865 indictione
622 845 663 864 VI.

237 887 335 923 Signa
356 896 513 916 manuum
531 887 621 917 Oddo
642 888 680 917 de
698 887 827 923 Insula,
845 887 1056 923 Guiscardus,
1072 887 1164 916 Gun-

199 940 296 969 terius
311 940 397 969 filius
409 941 571 979 quondam
587 941 703 970 Leonis
717 941 755 970 de
766 940 864 977 Cello,
882 940 1058 970 Nicliolaus
1070 941 1163 969 Man-

196 992 302 1027 cinus,
321 993 382 1022 Leo
401 993 558 1029 Vicanus3
578 993 610 1022 hi
628 1002 740 1023 ornnes
758 994 855 1031 rogati
873 998 949 1022 sunt
966 997 1069 1022 testes.

238 1044 303 1081 Ego
313 1045 482 1074 Johannes
496 1049 604 1075 sancte
617 1045 761 1075 Romane
775 1045 908 1075 ecclesie
925 1045 1065 1075 notarius
1082 1045 1166 1075 hanc

198 1096 354 1126 cartulam
373 1097 484 1135 scripsi
502 1101 532 1126 et
549 1097 631 1127 bene
647 1098 815 1136 complevi.

159 1281 297 1310 CXIIII.
330 1297 369 1303 —
400 1281 655 1311 INSTRUMENTUM
685 1291 767 1316 Qcoo
799 1283 966 1312 Jousm'ss
1001 1283 1166 1313 Roneioix'ss

199 1343 237 1362 ET
263 1334 297 1362 B.
322 1343 442 1363 renen
466 1343 536 1364 mus
559 1335 705 1365 Anniano
729 1344 805 1364 PAPE
828 1345 866 1364 ET
893 1335 1025 1365 Roriam
1053 1344 1165 1365 ecces-

200 1395 246 1415 sm
267 1395 408 1415 crismon
432 1396 469 1415 os
493 1387 660 1417 ΗΑΜΑιΑΝο
685 1389 884 1417 uenenum&

245 1505 279 1533 lu
312 1504 441 1533 nomine
476 1505 617 1534 Domini.
652 1506 747 1534 Anno
780 1515 798 1533 v
827 1506 1029 1543 pontificatus
1055 1506 1167 1536 domui

201 1556 336 1585 Adriani
347 1556 410 1585 IIII
424 1565 512 1594 pape,
529 1556 704 1586 indicti0ue
715 1566 770 1592 vn,
785 1558 907 1587 niensis
919 1558 1030 1596 aprilis
1045 1558 1095 1587 die
1110 1567 1164 1587 vn.

203 1609 267 1646 Ego
281 1608 410 1647 quidem
427 1608 592 1638 Johannes
610 1609 783 1642 Boutione‚
799 1613 828 1638 et
844 1619 901 1647 ego
916 1611 1055 1640 Berardo
1072 1611 1167 1640 frater

202 1662 282 1699 ejus,
301 1670 365 1689 una
386 1670 458 1690 cum
479 1661 546 1699 ipso
565 1661 684 1691 domno
699 1662 850 1691 Johanne
869 1663 964 1692 fratre
980 1672 1051 1693 meo
1067 1667 1096 1692 et
1112 1673 1166 1694 cu-

202 1717 303 1742 ratore
318 1713 389 1742 dato
403 1713 483 1742 mihi
501 1714 532 1742 in
548 1713 607 1743 hnc
623 1723 656 1743 re
672 1714 795 1752 abipso
809 1715 927 1745 domno
941 1724 1031 1754 papa,
1044 1716 1104 1746 hac
1115 1716 1167 1746 die

201 1766 328 1804 propria
345 1770 451 1795 nestra
469 1765 632 1796 voluntate
645 1766 849 1796 donatiouem
868 1757 1055 1798 intervivos
1072 1769 1168 1798 doua-

202 1826 272 1847 mus
293 1822 322 1847 et
340 1818 545 1848 concedimus
563 1819 617 1848 tibi
637 1819 756 1849 domno
776 1824 882 1850 nostro
900 1821 1044 1851 Adriano
1066 1830 1082 1850 a
1101 1822 1168 1852 Deo

201 1871 326 1900 decreto
349 1879 476 1900 summo
496 1872 637 1908 pontifici
659 1877 689 1901 et
711 1873 884 1902 universali
907 1882 984 1911 pape
1003 1875 1080 1910 1111,
1097 1883 1165 1904 om-

202 1923 361 1961 nibusque
385 1924 445 1952 tuis
470 1923 636 1953 catholicis
661 1926 897 1954 successoribus
920 1931 948 1955 et
970 1932 1078 1955 sancte
1104 1927 1167 1957 Ro-

202 1984 296 2004 mane
324 1975 456 2004 ecclesie
482 1976 513 2004 iu
542 1981 727 2014 perpetuum
763 1986 769 2006 :
799 1978 830 2006 id
856 1982 901 2007 est
925 1979 1106 2008 dominium
1131 1980 1168 2009 de

202 2032 304 2057 castro
335 2028 449 2057 Heiani
463 2051 470 2064 ,
497 2036 567 2057 cum
596 2033 659 2058 tota
688 2031 830 2067 portione
854 2036 962 2060 nostra
987 2040 1082 2069 quam
1113 2041 1169 2061 nos

202 2081 358 2109 habemus
381 2084 409 2109 et
433 2081 523 2110 uobis
548 2082 684 2119 pertinet
706 2082 739 2111 iu
758 2083 825 2121 ipso
849 2089 949 2113 castro
966 2088 995 2114 et
1013 2086 1169 2115 territorio

203 2120 271 2168 suo,
288 2133 319 2161 in
337 2133 498 2167 domibuS,
518 2135 619 2167 terris,
637 2135 749 2171 vineis,
768 2136 855 2171 ortis,
876 2137 1053 2175 canapinis,
1067 2137 1167 2173 silvis,

192 2333 205 2352 3
221 2327 328 2351 Girartli
347 2329 367 2351 Α
387 2341 416 2345 -·
438 2334 461 2353 10
479 2331 508 2351 ln
526 2332 544 2351 Α
565 2331 682 2352 nomina
701 2332 741 2353 uel
758 2332 915 2355 abbreviata
933 2336 998 2356 sun!
1017 2336 1057 2356 uel
1076 2336 1103 2357 in
1121 2342 1168 2364 ye-

162 2372 251 2395 nilivo
268 2379 344 2394 casu.
361 2385 390 2388 —
407 2371 568 2403 Guntcrius]
587 2373 678 2396 Gualt.
695 2375 716 2397 A
731 2388 758 2391 —
778 2380 794 2399 ιι
813 2375 911 2399 Manen
930 2377 951 2400 A

195 2420 219 2439 15
234 2417 317 2438 Totus
333 2417 432 2438 titulus
447 2418 601 2445 rescriptas
615 2420 653 2440 est
670 2419 698 2440 in
714 2417 749 2447 C;
766 2425 977 2444 TnANscmt‘TUM
995 2427 1118 2446 cAnTULE
1135 2429 1169 2446 DE

162 2458 261 2481 ΗΜΛ-Ἢ
278 2464 473 2485 accursu-10⁸3
491 2460 511 2483 A
528 2473 557 2477 —
575 2466 597 2485 19
615 2468 708 2484 mense
725 2463 745 2485 Α
767 2476 795 2480 -
815 2468 845 2488 20
863 2464 1005 2488 Roneione
1022 2467 1044 2489 A
1064 2480 1092 2483 —
1116 2467 1170 2490 Be-

161 2502 259 2525 rardus
276 2503 297 2525 A
313 2515 341 2519 -
357 2505 385 2526 27
403 2503 518 2526 ecclesie
535 2505 600 2532 <ad
618 2506 845 2535 proprietatem>
862 2508 883 2530 Α
901 2521 928 2525 -
950 2514 979 2534 30
996 2513 1021 2532 et
1038 2512 1102 2534 terr.
1119 2518 1169 2534 suo

161 2552 217 2570 om.
234 2546 256 2568 Α
271 2558 300 2562 -
317 2546 403 2569 hortis
421 2547 442 2569 Α

201 2741 224 2765 t.
243 2741 256 2765 7
273 2741 342 2766 avril
362 2742 439 2767 1159.
455 2757 489 2760 —
505 2742 661 2776 Muratori,
680 2747 699 2769 t.
720 2743 772 2774 111,
792 2754 818 2779 p.
836 2746 897 2773 797.
917 2762 948 2766 —-
966 2748 1106 2781 Albinus,
1127 2750 1168 2776 XI

164 2788 208 2814 47.
224 2787 294 2814 Jean
313 2788 462 2815 Roncione
478 2793 506 2816 et
521 2799 573 2816 son
595 2791 668 2817 frere
691 2791 814 2824 Berard,
833 2802 937 2821 encore
954 2796 1080 2831 minem,
1098 2798 1170 2824 don-

165 2839 233 2861 nent
256 2845 290 2861 au
316 2846 386 2870 pape
408 2838 515 2864 Adrion
538 2838 578 2864 IV
600 2840 625 2865 la
648 2841 812 2874 seigneurie
833 2842 867 2869 de
890 2843 1010 2878 Rolano,
1029 2848 1170 2873 territorio

165 2884 325 2916 Gottinense,
341 2894 409 2911 avec
425 2890 486 2912 tout
501 2895 534 2913 ce
550 2887 634 2921 qu’ils
647 2889 885 2922 possedentdans
898 2895 973 2918 cette
990 2893 1111 2921 localite.
1132 2895 1169 2921 Le

165 2932 340 2957 territorium
356 2934 504 2959 Collinense
523 2936 611 2968 paruit
627 2937 687 2962 eti-e
708 2937 733 2963 le
756 2946 826 2972 pays
846 2939 880 2965 de
896 2939 984 2973 Colli,
1002 2948 1052 2967 sur
1069 2943 1093 2968 la
1111 2943 1169 2969 rive

164 2977 255 3003 droite
272 2979 308 3004 du
327 2979 392 3010 Liri,
411 2989 446 3006 uu
466 2990 518 3015 peu
536 2991 570 3008 au
588 2983 641 3009 sud
658 2984 692 3010 de
710 2985 807 3012 Monte
827 2986 882 3012 San
899 2987 1050 3015 Giovanni,

1286 413 1420 451 campis,
1441 413 1552 452 pratis,
1570 414 1706 451 pascuis,
1727 414 1869 450 salectis,
1888 415 1979 449 rivis,
1998 416 2162 453 pantanis,
2182 426 2252 448 mo-

1287 465 1444 502 lendinis,
1469 475 1541 495 cum
1566 466 1708 496 districto
1731 475 1788 496 sno
1810 467 1897 497 intus
1919 472 1948 497 et
1970 468 2113 504 deforis,
2131 472 2158 499 et
2177 478 2252 499 cum

1286 518 1449 554 omuibus,
1467 528 1528 557 que
1546 519 1638 548 nobis
1657 520 1817 558 pertinent
1832 520 1865 549 in
1881 521 1950 559 ipso
1966 525 2067 551 castro
2082 525 2112 551 et
2129 522 2255 552 territo-

1287 570 1335 600 rio
1352 579 1420 606 suo,
1435 571 1507 609 jure
1525 571 1710 601 hereditatis
1726 577 1756 601 et
1773 572 1956 610 locationis3
1978 574 2077 611 posita
2094 575 2254 604 territorio

1287 622 1482 657 Collinense,
1502 624 1585 653 sicut
1600 625 1684 653 iuter
1702 633 1774 654 suos
1790 625 1991 655 concluditur
2004 626 2096 662 fines,
2114 627 2255 665 qualiter

1289 676 1379 705 nobis
1406 677 1557 714 competit
1583 678 1654 715 jure
1682 677 1892 711 hereditario.
1920 687 1974 708 seu
2000 678 2254 718 et,loc[ation]is

1289 728 1336 758 vel
1354 738 1548 768 quocunque
1564 731 1669 767 modo,
1688 730 1792 760 taliter
1810 730 1864 760 tibi
1884 731 2042 761 donamus
2058 735 2087 761 et
2103 731 2254 762 concedi-

1289 790 1372 817 mus,
1394 788 1427 811 ut
1445 782 1483 811 ab
1500 783 1654 812 hodierna
1674 784 1779 821 itaque
1796 783 1847 813 die
1865 784 1898 813 in
1922 788 2016 814 antea
2037 784 2201 814 licentiam
2222 789 2254 814 et

1288 838 1473 872 potestatem
1495 835 1640 865 habeatis
1665 836 1824 873 intrandi,
1849 837 1999 873 tenendi,
2023 837 2147 874 utendi,
2176 846 2256 866 ven-

1287 887 1407 923 dendi,
1430 887 1590 924 donandi,
1617 889 1852 925 commutandi,
1876 893 1907 918 et
1930 890 2082 928 quicquid
2104 893 2256 928 perpetuo

1288 939 1453 977 placuerit,
1472 941 1509 969 ad
1530 950 1622 969 usum
1651 945 1681 970 et
1702 941 1872 971 utilitatem
1894 946 2032 971 vestram
2057 946 2253 972 vestrorum-

1287 1001 1350 1030 que
1366 1001 1588 1023 successorum
1606 998 1777 1032 sancteque
1790 994 1935 1024 Romane
1951 994 2084 1024 ecclesie
2099 995 2254 1025 faciendi.

1288 1045 1354 1074 Nos
1370 1050 1475 1074 autem
1490 1051 1520 1075 et
1536 1051 1658 1076 nostros
1676 1055 1875 1076 successores
1891 1047 2078 1077 defensuros
2095 1047 2256 1086 promitti-

1289 1106 1360 1126 mus
1375 1097 1414 1127 ah
1428 1098 1516 1127 omui
1534 1099 1676 1134 homine,
1693 1099 1719 1128 si
1738 1107 1865 1128 necesse
1880 1099 1986 1129 fuerit.
2003 1099 2092 1135 Quod
2107 1100 2132 1128 si
2146 1103 2258 1130 contra

1290 1150 1349 1180 hec
1366 1159 1428 1188 qne
1444 1151 1525 1181 dicta
1545 1156 1619 1181 suut
1639 1151 1781 1190 quolibet
1805 1152 1897 1181 modo
1919 1152 2032 1182 venire
2051 1152 2258 1191 temptaveri-

1290 1212 1362 1232 mus
1384 1208 1414 1233 et
1438 1209 1552 1233 cuncta
1579 1214 1641 1243 que
1666 1205 1748 1234 dicta
1771 1209 1847 1234 sunt
1871 1214 1933 1234 non
1958 1205 2254 1243 observaverimus,

1290 1259 1352 1285 tam
1378 1265 1435 1287 nos
1463 1267 1559 1296 quam
1584 1259 1681 1287 nostri
1705 1258 1839 1288 heredes
1866 1267 2095 1296 componamus
2119 1258 2207 1288 vobis
2227 1261 2259 1288 et

1290 1313 1398 1338 sancte
1417 1310 1559 1339 Romane
1576 1310 1708 1340 ecclesie
1732 1319 1787 1349 pro
1810 1320 1892 1349 pena
1908 1311 1987 1340 duas
2003 1311 2074 1340 auri
2091 1311 2207 1346 libras;
2227 1313 2260 1340 et

1290 1361 1392 1390 soluta
1410 1371 1508 1399 pena,
1527 1363 1586 1392 hec
1608 1363 1792 1393 donationis
1811 1363 1932 1393 cartula
1951 1364 2043 1392 firma
2060 1367 2258 1401 permaneat.

1291 1413 1357 1451 Ego
1381 1415 1545 1452 predictus
1567 1415 1734 1445 Johaiines
1758 1416 1919 1445 Rontione
1949 1417 2097 1454 promitto
2122 1416 2207 1454 quod
2230 1415 2258 1445 si

1292 1466 1451 1496 Berardus
1469 1468 1565 1498 frater
1582 1477 1672 1498 meus
1686 1469 1771 1498 insra
1789 1474 1902 1498 etatem
1920 1469 2009 1498 litem
2029 1469 2118 1498 vobis
2134 1469 2258 1504 fecerit,

1291 1519 1406 1549 faciam
1424 1529 1495 1549 eum
1513 1521 1690 1559 quiescere,
1708 1525 1738 1550 et
1755 1526 1822 1559 post
1838 1526 1951 1551 etatem
1969 1521 2081 1550 faciam
2098 1531 2170 1551 eum
2185 1530 2261 1551 con-

1291 1571 1421 1601 firmare
1438 1573 1522 1602 hanc
1540 1573 1757 1603 donationem.
1782 1573 1871 1609 Quod
1889 1574 1914 1603 si
1935 1582 1996 1603 non
2019 1574 2138 1609 fecero,
2158 1578 2214 1604 aut
2231 1574 2261 1603 si

1293 1633 1346 1663 pro
1370 1626 1438 1663 ejus
1464 1630 1544 1654 etate
1568 1625 1700 1664 aliquod
1721 1627 1898 1664 dampnum
1924 1626 2121 1660 incideritis,
2146 1627 2259 1665 quanti

1292 1678 1351 1708 erit
1366 1678 1543 1716 dampnum
1563 1683 1685 1708 tantum
1703 1679 1797 1708 liceat
1815 1680 1902 1709 vobis
1925 1679 1959 1708 in
1982 1680 2061 1709 meis
2078 1680 2170 1710 bonis
2187 1680 2260 1710 vin-

1291 1731 1409 1760 dicare.
1429 1732 1563 1769 Insuper
1577 1740 1634 1769 ego
1650 1732 1821 1767 Derai-dus,
1837 1732 1926 1761 tactis
1941 1732 2153 1762 sacrosanctis
2166 1741 2261 1762 evan-

1291 1784 1396 1821 geliis,
1411 1785 1484 1822 juro
1501 1793 1551 1813 me
1569 1784 1652 1814 hauc
1669 1784 1875 1814 donationem
1896 1789 1995 1814 ratam
2015 1784 2213 1820 habiturum,
2231 1788 2262 1814 et

1294 1836 1382 1867 nullo
1412 1837 1506 1867 modo
1535 1837 1686 1866 adversus
1711 1846 1779 1866 eam
1808 1838 1938 1874 venire3
1968 1837 2068 1867 immo
2093 1841 2260 1876 postquam

1292 1889 1501 1927 compellatus
1531 1890 1620 1919 suero
1645 1899 1662 1919 a
1689 1890 1776 1919 vobis
1802 1889 1849 1918 vel
1879 1899 1896 1918 a
1922 1894 2065 1919 curatore
2090 1898 2179 1925 meo,
2206 1890 2261 1919 fixi

1293 1948 1361 1979 post
1384 1952 1444 1971 xxv
1466 1951 1567 1972 anuos
1593 1942 1676 1972 lianc
1698 1943 1905 1972 donationem
1931 1942 2133 1972 confirmare.
2156 1942 2261 1978 Quam

1292 1994 1494 2023 scribendam
1521 1995 1629 2031 rogavi
1653 1995 1816 2024 Andrean]
1845 1995 2051 2024 scriniarium
2077 1995 2109 2023 in
2137 2003 2260 2032 mense,

1292 2052 1321 2076 et
1339 2047 1516 2076 indictione
1530 2048 1741 2085 suprascripta
1758 2057 1812 2076 vn.

1333 2099 1470 2136 Signum
1490 2103 1562 2134 ›101‹
1585 2109 1739 2129 manuum
1760 2100 1975 2137 predictorum
1993 2099 2155 2130 Joliannis
2176 2100 2262 2129 Ron-

1294 2152 1399 2181 cionis
1428 2156 1458 2181 et
1489 2152 1620 2181 Berardi
1650 2153 1755 2181 fratris
1781 2153 1869 2190 ejus,
1898 2152 1994 2190 liujus
2022 2152 2143 2182 cartule
2170 2161 2263 2190 roga·

1293 2208 1412 2234 torum.

1333 2257 1423 2286 Oddo
1445 2257 1621 2295 Frajapaue
1638 2257 1878 2286 illustrissimus
1899 2258 2118 2287 Romanorum
2137 2257 2263 2294 consul,

1293 2310 1392 2339 testis.

1333 2362 1507 2391 Gratianus
1523 2362 1695 2392 Obitionis.

1336 2415 1482 2444 Rainone
1499 2415 1684 2453 Frajapane.

1336 2468 1449 2496 Petrus
1472 2468 1574 2497 Latro.

1336 2519 1552 2549 Malam-anca.

1336 2575 1447 2604 Petrus
1463 2575 1606 2605 Oddouis
1622 2576 1659 2605 de
1680 2575 1800 2605 Insula.

1334 2627 1448 2656 Petrus
1464 2628 1501 2656 de
1520 2629 1627 2657 Ponte.

1333 2680 1535 2709 Golferainus
1553 2681 1591 2709 de
1607 2681 1810 2711 Goldocicca.

1332 2732 1499 2762 Joliannes
1519 2734 1604 2763 Petri
1622 2734 1661 2763 de
1680 2734 1776 2771 Bobo,
1798 2738 1901 2764 testes.

1283 2914 1295 2934 8
1315 2909 1384 2932 locis
1401 2910 1446 2933 AC
1468 2923 1496 2926 ——
1520 2916 1542 2935 17
1560 2912 1750 2941 componimus
1768 2912 1789 2935 Α
1809 2925 1838 2928 -
1861 2917 1890 2936 20
1912 2911 2054 2935 Roncione
2075 2911 2097 2934 Α
2118 2923 2146 2927 --
2167 2915 2196 2935 29
2217 2910 2264 2932 fixi

1251 2959 1306 2976 om.
1324 2954 1346 2976 A
1362 2966 1391 2969 —
1411 2958 1441 2978 34
1457 2954 1536 2984 hujus
1554 2962 1609 2979 om.
1626 2955 1648 2978 Α
1665 2968 1693 2972 -
1709 2956 1813 2978 cartule
1829 2955 2007 2982 <suerunt>
2025 2954 2045 2978 C
2065 2966 2096 2971 —
2117 2958 2145 2978 36
2163 2952 2224 2977 Odo
2242 2953 2265 2976 A

1250 3010 1279 3014 -
1294 3002 1323 3022 38
1340 2997 1484 3022 obicionis
1501 3000 1523 3022 A
1541 3012 1568 3016 —-
1585 3004 1615 3024 ΑΩ
1631 2998 1735 3023 Odonis
1753 3000 1774 3022 A

2311 903 2337 922 10

2313 1166 2340 1185 ¹5

2312 1427 2340 1447 2⁰

2317 1953 2344 1973 ³0

2318 2215 2346 2234 ³⁵

2319 2739 2346 2758 45
