2434 3530
73 921 99 939 w

131 369 188 398 382

174 433 253 462 terio
269 432 414 470 a[b]sque
431 431 649 469 impensarum
664 431 955 468 recompensatione
968 430 1111 459 restituat
1125 441 1130 466 3

173 494 209 514 eo
240 489 343 513 tamen
376 488 481 512 tenore
508 488 542 511 ut
571 483 827 520 quandocunque
855 483 938 512 idem
968 483 1133 512 Romanus

173 536 313 575 pontifex
333 535 476 573 qualibet
495 544 589 564 causa
606 535 655 564 vel
678 543 897 564 successorum
916 536 983 573 ejus
999 534 1132 564 catholi-

170 598 226 619 cus
249 588 382 627 quilibet
405 588 442 617 ad
466 596 539 617 suas
562 597 679 617 manus
702 592 840 617 castrum
861 588 965 626 ipsum
986 597 1133 617 revocare

169 641 319 675 volucrit,
337 640 433 669 simili
452 644 560 669 tenore
571 640 690 677 absque
704 640 955 670 contradictione
967 644 995 669 et
1008 640 1132 677 impen-

168 701 277 722 sarum
295 691 493 721 restitutione
511 692 539 720 ei
553 691 745 720 restituetur.

209 744 311 779 Quam
349 743 550 772 scribendam
583 744 690 780 rogavi
726 743 891 772 Audi-eam
928 743 1130 773 scriniarium

170 800 278 825 sancte
296 796 438 824 Romane
455 794 585 824 ecclesie
603 794 636 823 in
654 804 765 824 mense
783 799 812 824 et
829 795 1005 824 indictione
1022 804 1131 833 supra-

168 849 285 886 scripta
317 848 430 885 prima.
462 847 599 884 Signum
630 856 744 876 manus
781 848 954 886 supradicti
992 848 1131 885 Eugenii

167 900 287 930 summi
305 904 333 929 et
353 899 543 929 universalis
560 899 718 937 pontificis
733 900 809 929 etin
828 900 1042 929 sacratissima
1058 901 1131 930 sede

170 954 255 983 beati
281 953 365 981 Petri
391 952 523 990 apostoli
551 961 629 990 pape
651 961 684 981 in
710 952 911 981 conductoris
936 952 1013 990 huju
1039 962 1068 981 w
1090 952 1130 989 {sp

169 1008 235 1042 ref-j.
265 1006 398 1035 Gentius
427 1005 610 1043 Frajapanis
636 1005 784 1042 egregius
810 1005 1028 1034 Romanorum
1054 1013 1130 1034 con-

166 1058 226 1088 sul.
257 1058 422 1087 Joliannes
455 1057 541 1086 Petri
578 1058 694 1086 Leonis
724 1057 872 1094 egregius
911 1058 1129 1087 Romanorum

167 1110 292 1141 consul.
311 1110 378 1139 Odo
401 1110 577 1148 Frajapane
594 1114 743 1139 strenuus
765 1110 983 1138 Romanorum
1004 1109 1127 1139 consul.

166 1163 338 1193 Gratianus
356 1162 442 1191 filius
454 1162 625 1192 Owitionis
639 1162 724 1190 Petri
739 1162 776 1191 de
789 1162 893 1191 Leone
909 1162 1129 1191 Romanorum

167 1215 290 1245 consul.
312 1215 477 1245 Johannes
498 1215 685 1253 Frajapanis
708 1214 794 1243 filius
813 1215 921 1244 domni
943 1215 1047 1243 Centii
1069 1215 1129 1244 no-

165 1278 337 1298 manorum
353 1268 476 1298 consul.
501 1268 614 1297 Petrus
637 1268 752 1297 Leonis
772 1268 857 1296 Petri
875 1267 912 1297 de
939 1268 1043 1297 Leone
1066 1268 1127 1297 Ro-

164 1330 336 1350 manorum
361 1321 483 1350 consul.
510 1320 618 1350 Obitio
643 1321 758 1349 Leonis
784 1320 869 1349 Petri
889 1320 925 1348 de
944 1321 1047 1349 Leone
1068 1321 1127 1349 Ro-

166 1382 337 1403 manorum
359 1373 482 1403 consul.
505 1373 685 1410 Stephanus
707 1372 745 1401 de
765 1372 939 1401 Thebaido.
958 1373 1128 1401 Jacinthus

165 1426 276 1455 domni
296 1435 371 1464 pape
388 1425 518 1463 dapifer.
544 1425 726 1463 Stephanus
744 1425 852 1453 infans
872 1425 955 1453 tilius
973 1425 1128 1463 Stephani

165 1479 205 1508 de
222 1478 371 1507 Tebaldo.
393 1478 541 1507 Oliverus
558 1478 695 1507 Romani
714 1477 750 1506 de
768 1476 921 1507 Oliverio.
939 1477 1128 1507 XViscardus

163 1531 203 1560 de
219 1531 341 1560 familia
356 1530 466 1560 domni
487 1538 574 1568 pape.
594 1529 760 1559 Johannes
778 1530 945 1558 Rantione.
970 1530 1127 1559 Berardus

164 1584 262 1612 frater
278 1584 356 1621 eJus.
373 1582 539 1612 <Iohannes
556 1582 593 1611 de
609 1582 756 1610 Bibiano.
777 1581 935 1618 Rogerius
949 1582 987 1611 de
1005 1582 1125 1612 Letnlo.

166 1636 275 1665 Guitto
293 1643 502 1673 supracoccus
523 1635 629 1664 domni
651 1643 739 1672 pape.
759 1634 872 1663 Petrus
896 1634 1015 1671 Ritius,
1040 1635 1127 1664 Don-

164 1688 286 1724 nellns,
310 1688 544 1717 Abbaiamonte
572 1687 732 1717 hostiarii.
762 1687 875 1716 Petrus
899 1687 1037 1717 Scantio.
1065 1688 1126 1717 Ro-

163 1742 272 1771 bertus
297 1740 502 1769 marescallus
529 1748 684 1778 equorum
710 1739 867 1769 alborum.
897 1740 1064 1769 Joliannes
1089 1740 1127 1769 de

162 1793 292 1823 Ancilla
310 1793 380 1822 Dei.
398 1792 543 1822 Litaldus
554 1797 708 1830 cognatus
724 1793 802 1830 ejus.
821 1793 1013 1822 Benedictus
1030 1794 1128 1823 Zeno-

160 1846 230 1881 nis,
255 1846 367 1875 Petrus
394 1845 601 1881 Buccabella,
625 1845 783 1880 Toderus,
808 1844 982 1882 Gregorius
1005 1845 1042 1874 de
1066 1845 1125 1874 Ca-

159 1899 252 1935 rello‚
271 1903 301 1928 et
316 1898 524 1937 quamplures
539 1898 596 1927 alii
615 1902 717 1927 testes.

63 2068 92 2086 30
120 2056 323 2085 LXXXXII.
356 2072 394 2076 —-
427 2056 598 2084 EXEMPLUM
631 2063 772 2084 CARTULE
804 2063 1054 2084 PERtIUTATtONlS
1086 2064 1125 2084 ET

159 2116 328 2137 EMPTioxis
352 2116 389 2136 DE
416 2115 551 2136 iumen».
574 2115 752 2136 mammam
771 2115 925 2136 eivrrATis
944 2107 1125 2136 Tuscumm

162 2170 202 2190 ET
220 2161 313 2190 Mons
332 2160 470 2190 Poncum
489 2169 527 2189 ET
546 2160 672 2190 Moxms
691 2159 822 2189 FonTiNJ
842 2163 861 2188 ¹.

200 2267 238 2295 In
266 2267 396 2295 nomine
420 2265 563 2294 Domini.
584 2265 681 2295 Anno
703 2265 866 2294 dominice
891 2265 1125 2294 incarnationis

148 2435 164 2455 ³
179 2430 301 2460 qualibet
321 2436 404 2452 causa
421 2436 476 2452 om»
494 2429 517 2452 A
540 2441 566 2445 —
585 2433 598 2453 9
618 2428 779 2456 <domni>
796 2428 863 2458 Eug.
881 2428 903 2451 A
919 2441 948 2444 —
966 2433 990 2452 tl*
1006 2427 1085 2451 Oddo
1101 2428 1125 2451 A

115 2487 149 2492 —
166 2479 192 2499 15
207 2474 357 2498 Owicionis
376 2474 397 2497 A
412 2487 441 2490 —
458 2478 481 2498 ιε
498 2473 593 2497 Cencii
609 2473 632 2496 A
647 2486 674 2489 —
691 2478 714 2497 ιε
730 2472 828 2496 Obicio
845 2472 867 2495 Α
882 2477 950 2496 -19
966 2471 1087 2495 Tebatdo
1102 2472 1125 2495 A

116 2531 149 2536 —
163 2518 289 2542 Jaeintus
305 2518 328 2541 A
342 2530 372 2534 —
387 2522 410 2542 21
429 2517 569 2540 Thebaldo
583 2517 605 2540 A
621 2529 649 2533 —
664 2516 803 2540 Oliverius
818 2517 839 2539 A
856 2528 884 2533 ——
900 2521 930 2540 22
944 2515 1087 2539 Roneione
1102 2515 1124 2538 A

116 2575 148 2579 —
162 2566 194 2586 24
207 2568 388 2592 supracocum
402 2562 424 2584 A
439 2574 470 2578 —
490 2561 586 2584 Ricius
607 2561 630 2584 A
648 2573 678 2577 —
694 2565 724 2585 25
746 2559 863 2583 Scancio
884 2559 906 2582 A
927 2572 956 2576 —-
976 2564 1004 2584 26
1026 2559 1124 2582 males-

116 2605 210 2629 calcus
226 2606 249 2628 A

149 2654 175 2674 31
193 2654 327 2672 ClvlTATIS
344 2655 397 2672 om.
414 2649 436 2672 A
449 2662 479 2665 —
495 2654 527 2672 ΕΤ
540 2651 612 2677 post.
628 2648 710 2671 Tusc.
725 2654 781 2670 om.
797 2647 819 2670 A
833 2659 862 2663 —
876 2651 905 2671 32
921 2652 1022 2670 nonius
1039 2647 1061 2669 A

157 2805 183 2832 1.
200 2804 270 2830 Pres
286 2805 323 2831 du
340 2808 460 2831 castrum
478 2806 668 2831 Fluminariae
681 2804 885 2837 (Pionibinara,
900 2805 966 2838 pres
979 2803 1013 2829 de
1025 2804 1049 2830 la
1065 2807 1125 2830 sta-

119 2853 179 2879 tion
196 2853 230 2878 de
246 2853 355 2887 Segni),
374 2854 404 2879 10
420 2853 571 2879 decembre
589 2853 665 2879 1151.
682 2866 718 2873 —
733 2852 880 2886 Muratori,
900 2856 920 2878 t.
939 2851 992 2884 ΙΙΙ,
1010 2861 1037 2887 p.
1055 2853 1122 2884 7773

119 2900 262 2931 Theincr,
289 2908 318 2926 no
345 2902 386 2927 18.
412 2917 445 2920 —
473 2902 611 2935 Albinus,
634 2901 678 2927 xl
704 2903 729 2927 7.
758 2900 819 2927 Odo
840 2902 870 2926 (Ie
897 2902 1063 2934 Columpna,
1088 2909 1123 2927 en

119 2956 175 2975 son
196 2956 260 2974 nom
282 2952 310 2974 ct
329 2957 364 2974 an
388 2957 452 2974 nom
474 2950 508 2975 de
531 2957 583 2976 son
605 2950 678 2976 frere
701 2949 885 2981 Cassidonio‚
908 2949 978 2975 cede
998 2958 1032 2975 au
1053 2958 1124 2984 pape

119 2995 242 3031 Eugene
263 2995 320 3027 ΙΙΙ,
342 2998 508 3031 represent&
532 3005 580 3031 par
602 2997 743 3029 Bernard,
762 2997 887 3024 cardinal
904 2997 939 3023 dc
960 2996 1123 3023 Saint-Cte-

678 366 727 394 LE
751 366 895 394 LIBER
918 364 1152 394 CENSUUM
1175 364 1229 393 DE
1253 355 1439 394 L'EGLISE
1463 365 1671 394 ROMAINE.

1257 434 1388 466 isi⁰c⁰ii⁰10,
1419 430 1596 460 indictione
1618 441 1669 465 xv,
1689 440 1801 460 mense
1829 431 2009 461 decembrio
2028 431 2078 461 die
2095 427 2220 470 xssep-

1257 483 1332 511 timo
1369 491 1454 512 anno
1493 484 1694 521 pontificatus
1731 483 1844 512 domni
1882 484 2020 520 Eugenii
2052 484 2099 512 111
2129 493 2218 522 pape.

1257 534 1320 571 Ego
1337 534 1404 563 Odo
1419 535 1457 563 de
1473 534 1662 573 Columpna,
1680 535 1898 564 consentiente
1915 535 2010 564 fratre
2029 544 2098 565 meo
2114 536 2220 565 Carsi-

1255 586 1360 617 donio.
1380 587 1506 624 propria
1522 591 1552 616 et
1575 592 1748 625 spontanea
1765 596 1834 616 mea
1851 587 1934 616 bona
1951 587 2111 616 voluntate
2134 587 2220 618 trado

1254 642 1284 667 et
1296 639 1370 676 jure
1388 640 1593 677 proprietario
1609 640 1747 669 concedo
1764 640 1819 668 tibi
1835 640 1952 669 domno
1971 640 2134 669 Bernardo
2150 649 2218 669 car-

1254 690 1355 719 dinali
1372 691 1472 720 sancti
1489 691 1675 726 Clementis,
1693 691 1857 729 recipienti
1877 692 2007 720 nomine
2024 696 2054 720 et
2070 692 2219 721 mandato

1254 742 1364 771 domni
1387 752 1464 781 papo
1486 744 1620 780 Eugenii
1641 744 1688 773 ΙΙΙ
1712 744 1750 772 ad
1776 748 1897 781 partem
1921 743 2054 772 ecclesie
2077 744 2220 773 Romane

1255 803 1289 823 ex
1305 799 1466 824 contractu
1483 797 1737 833 permutationis,
1758 796 1961 825 medietatem
1983 796 2078 824 totius
2094 796 2219 825 Tuscu·

1255 845 1327 875 lane
1349 847 1489 876 civitatis
1517 853 1546 876 et
1569 848 1651 877 arcis
1674 849 1775 886 ipsius
1803 847 1944 877 civitatis
1967 856 2039 876 cum
2069 848 2220 877 omuibus

1254 899 1456 936 pertinentiis
1474 904 1504 928 et
1524 900 1643 929 tinibus
1663 905 1691 929 et
1709 900 1902 938 appenditiis
1925 901 1991 929 suis
2013 905 2042 929 et
2064 900 2219 929 accessio-

1255 950 1350 979 nibus
1376 956 1406 980 et
1430 952 1686 989 ingressionibus
1713 957 1742 981 et
1765 952 1903 981 exitibus
1929 953 2010 987 suis,
2029 961 2101 981 cum
2129 953 2220 981 terris

1253 1003 1348 1031 cultis
1367 1008 1397 1032 et
1415 1003 1560 1037 incultis,
1579 1005 1691 1042 pratis,
1711 1005 1852 1042 pascuis,
1873 1005 1975 1039 silvis,
1998 1005 2155 1041 sontibus,
2175 1005 2220 1034 ri-

1255 1055 1318 1090 vis,
1337 1055 1506 1093 paludibus
1523 1061 1553 1084 et
1568 1057 1717 1086 domibus
1737 1057 1868 1085 urbanis
1889 1061 1919 1086 et
1941 1057 2151 1093 suburbanis,
2171 1057 2220 1085 vi—

1254 1108 1352 1142 netis,
1370 1107 1511 1144 olivetis,
1536 1109 1745 1146 castagnetis,
1766 1114 1794 1138 et
1815 1118 1887 1138 cum
1910 1110 1998 1138 omni
2023 1109 2165 1139 dominio
2190 1113 2220 1139 et

1253 1160 1472 1197 guidonatico;
1492 1166 1521 1190 et
1538 1169 1633 1191 omne
1654 1162 1708 1199 jus
1733 1166 1762 1191 et
1784 1170 1913 1191 omnem
1940 1162 2097 1190 actionem
2120 1171 2218 1199 quam

1252 1213 1285 1241 in
1311 1213 1446 1251 predicta
1465 1214 1593 1243 civitate
1608 1218 1637 1243 et
1654 1215 1720 1252 ejus
1740 1215 1942 1252 pertinentiis
1962 1224 1997 1244 ex
2017 1214 2218 1244 successione

1252 1269 1421 1302 parentum
1456 1274 1600 1295 meorum
1626 1266 1743 1295 habere
1774 1267 1901 1302 videor,
1928 1267 1966 1296 do
1991 1271 2020 1295 et
2049 1267 2135 1296 trado
2162 1267 2218 1296 tibi

1251 1326 1323 1346 cum
1352 1319 1441 1347 omni
1471 1327 1527 1347 suo
1553 1318 1699 1348 districtu
1729 1319 1767 1348 ad
1796 1319 1997 1354 habendum,
2024 1319 2216 1356 tenendum,

1252 1370 1492 1407 possidendum,
1513 1371 1697 1406 fruendum,
1718 1376 1747 1400 et
1765 1371 1919 1409 quicquid
1938 1371 2087 1400 dominus
2111 1376 2218 1401 noster

1251 1432 1329 1460 papa
1347 1423 1511 1459 Eugenius
1535 1424 1649 1461 suique
1674 1432 1870 1453 successores
1889 1424 1992 1453 facere
2012 1424 2087 1453 inde
2108 1424 2217 1454 volue-

1250 1475 1331 1510 rint,
1356 1475 1544 1504 satiendam.
1576 1477 1654 1504 item
1682 1476 1820 1505 concedo
1847 1476 1902 1505 tibi
1933 1476 2072 1514 predicto
2099 1476 2218 1506 domno

1252 1527 1411 1557 Bernaldo
1422 1528 1579 1557 cardinali
1597 1529 1699 1558 sancti
1711 1528 1898 1564 Clementis,
1916 1529 1953 1558 ad
1973 1534 2092 1566 partem
2105 1529 2217 1559 domni

1250 1588 1327 1618 pape
1344 1580 1478 1617 Eugenii
1496 1580 1545 1609 ΙΙΙ
1561 1585 1590 1610 et
1607 1581 1746 1618 predicta
1764 1582 1910 1610 Romana
1929 1581 2062 1610 ecclesia
2083 1582 2121 1610 ob
2144 1591 2216 1619 pre-

1250 1633 1364 1662 dictam
1383 1634 1664 1671 permutationem,
1680 1634 1821 1663 Montem
1839 1633 1964 1663 Porculi
1981 1642 2053 1663 cum
2066 1633 2218 1663 omnibus

1249 1685 1314 1714 suis
1333 1685 1550 1723 pertinentiis,
1566 1687 1702 1724 exceptis
1721 1686 1813 1715 terris
1830 1685 1868 1715 de
1882 1685 2061 1724 Columpna
2078 1690 2107 1715 et
2125 1686 2217 1715 terris

1248 1737 1286 1767 de
1311 1737 1474 1776 Zagarolo.
1502 1738 1639 1776 Insuper
1664 1746 1719 1776 pro
1744 1738 1957 1776 suprascripta
1984 1738 2217 1776 permutatione

1247 1791 1287 1820 do
1313 1796 1342 1820 et
1365 1790 1503 1820 concedo
1522 1791 1577 1820 tibi
1600 1791 1815 1828 suprascripto
1832 1791 1949 1820 domno
1968 1791 2131 1820 Bernardo
2148 1799 2216 1820 car-

1250 1843 1351 1873 dinali
1368 1843 1407 1872 ad
1426 1849 1547 1881 partem
1570 1843 1778 1882 suprascripti
1796 1843 1906 1872 domni
1931 1852 2007 1881 pape
2026 1847 2055 1872 et
2079 1843 2217 1881 predicte

1249 1896 1395 1925 Romane
1420 1895 1552 1925 ecclesie
1571 1905 1699 1925 omnem
1722 1897 1879 1926 actionem
1896 1900 1925 1925 et
1948 1896 2166 1934 exceptionem
2188 1900 2218 1925 et

1247 1956 1343 1978 omne
1356 1948 1410 1986 jus
1427 1949 1509 1986 quod
1526 1957 1583 1986 ego
1601 1948 1760 1986 predictus
1777 1948 1866 1978 Oddo
1888 1949 1925 1977 de
1942 1948 2120 1986 Columpna
2143 1957 2217 1977 cum

1247 2000 1400 2029 fratribus
1422 2001 1501 2030 meis
1526 2000 1628 2030 liabeo
1651 2000 1685 2029 in
1709 2005 1811 2030 castro
1831 2001 1947 2030 Montis
1970 2000 2108 2036 Fortiui,
2130 2000 2217 2039 quod

1247 2061 1357 2082 meum
1384 2057 1430 2082 est
1456 2062 1491 2082 ex
1520 2053 1755 2091 permutatione
1785 2062 1880 2091 quam
1909 2057 1996 2091 pater
2020 2062 2111 2083 meus
2142 2062 2217 2083 cum

1246 2109 1335 2144 patre
1355 2105 1520 2135 Tholomei
1546 2106 1618 2135 iecit
1644 2110 1674 2135 et
1699 2110 1786 2144 pater
1811 2115 1887 2135 suus
1912 2105 2070 2135 violenter
2093 2110 2124 2135 et
2144 2106 2216 2136 dolo

1247 2158 1332 2188 malo
1354 2158 1588 2196 possessionem
1610 2158 1741 2196 predicti
1760 2158 1878 2187 Montis
1896 2159 2021 2188 Fortiui
2041 2159 2123 2197 patri
2147 2166 2216 2188 meo

1247 2211 1389 2241 abstulit.
1408 2211 1546 2241 Omnem
1563 2211 1675 2248 igitur,
1696 2216 1729 2240 ut
1750 2211 1884 2249 predixi,
1900 2211 2060 2241 actionem
2076 2216 2106 2241 et
2121 2219 2217 2241 omne

1244 2265 1298 2302 jus
1317 2264 1400 2302 quod
1415 2263 1455 2292 ad
1468 2263 1724 2302 recuperandum
1741 2263 1922 2302 predictum
1939 2269 2079 2294 castrum
2097 2263 2216 2293 Montis

1248 2316 1370 2346 Fortini
1396 2320 1426 2345 et
1450 2316 1519 2354 ejus
1546 2316 1727 2345 districtum
1753 2316 1870 2352 habeo,
1893 2316 1947 2345 tibi
1972 2315 2112 2354 predicto
2137 2315 2217 2345 Ber-

1247 2369 1348 2398 nardo
1373 2368 1530 2398 cardinali
1558 2368 1596 2397 ad
1624 2373 1745 2407 partem
1772 2368 1905 2406 predicti
1935 2367 2048 2398 domni
2081 2376 2159 2406 pape
2187 2370 2217 2397 et

1247 2421 1386 2460 predicte
1406 2422 1550 2451 Romane
1567 2421 1700 2451 ecclesie
1719 2431 1756 2450 ex
1774 2430 1869 2450 causa
1893 2421 2030 2459 predicte
2053 2423 2216 2459 permuta-

1250 2474 1347 2504 tionis
1366 2474 1442 2504 cedo
1463 2478 1492 2503 et
1511 2474 1598 2503 trado
1616 2478 1646 2504 et
1671 2474 1785 2504 tribuo.
1811 2474 1873 2503 Pro
1899 2482 1961 2512 qua
1981 2473 2215 2512 permutatione

1238 2649 1252 2669 3
1267 2644 1347 2668 Oddo
1363 2644 1385 2667 A
1401 2657 1430 2661 -
1448 2649 1472 2669 10
1489 2644 1659 2674 appendiciis
1675 2645 1696 2667 A
1712 2657 1741 2660 —
1759 2648 1783 2668 (Δ
1798 2643 1946 2666 castanetis
1963 2643 1986 2666 A
2002 2655 2031 2660 —
2047 2648 2071 2667 1⁸
2087 2642 2216 2666 districto

1206 2688 1230 2711 A
1241 2701 1269 2704 —
1280 2692 1308 2713 2ο
1319 2688 1418 2717 suique
1431 2688 1625 2715 <catholici>
1637 2687 1659 2710 A
1669 2700 1697 2704 -
1708 2692 1730 2712 21
1745 2687 1901 2710 faciendum
1913 2686 1935 2710 A
1947 2699 1976 2704 —
1985 2691 2014 2711 22
2027 2685 2213 2716 <predicti>

1206 2731 1299 2755 domni
1310 2732 1332 2755 A
1341 2745 1369 2749 —
1381 2737 1410 2756 28
1423 2738 1491 2762 pape
1503 2731 1686 2762 <Eugenii>
1697 2732 1719 2754 A
1729 2744 1756 2748 -
1768 2735 1797 2755 33
1808 2730 1929 2754 Tolomei
1941 2730 1963 2753 A
1973 2743 2002 2747 —-
2013 2734 2042 2754 40
2054 2729 2176 2753 concedo
2189 2729 2213 2753 A

1206 2904 1294 2931 ment,
1307 2901 1332 2927 la
1347 2901 1443 2927 moitie
1457 2901 1491 2926 de
1506 2900 1675 2932 Tusculum,
1689 2899 1786 2926 Monte
1805 2899 1903 2925 Pon-zio
1919 2903 1947 2925 et
1963 2899 2004 2924 les
2020 2897 2110 2924 droits
2127 2897 2212 2931 qu’ils

1206 2952 1265 2980 ont,
1281 2949 1319 2975 lui
1338 2954 1366 2975 et
1381 2957 1429 2975 scs
1445 2949 1546 2982 sr'eres,
1559 2957 1609 2974 sur
1623 2948 1720 2974 Monte
1738 2948 1865 2979 Fortino,
1883 2956 1917 2973 en
1934 2947 2063 2980 echange
2079 2946 2113 2972 de
2126 2945 2212 2971 'ri-evi

1206 3001 1234 3023 et
1249 2997 1335 3024 d'une
1349 3005 1459 3023 somme
1476 2997 1615 3031 d'argcnt.

2275 914 2299 932 ¹0

2275 1174 2300 1192 15

2272 1959 2301 1978 30

2271 2221 2301 2240 3⁵

2268 2482 2295 2501 40
