2434 3530
180 351 236 381 :308

220 417 327 445 domui
357 423 449 451 pnpeg
482 414 523 441 <iv
551 417 653 439 autent
679 411 825 439 seruntur
848 411 994 440 ordinate
1020 420 1120 449 nsque
1144 411 1182 440 ad

221 473 363 498 sanctum
386 468 540 495 Marcum.

261 521 332 559 [nu.
359 520 436 548 Cum
457 524 562 547 autem
578 518 715 547 domnus
733 527 810 555 papa
828 518 952 547 venerit
968 527 1039 547 cum
1058 526 1181 556 proces-

220 576 308 604 sione
333 573 370 602 ad
395 572 558 601 ecclesiam
584 571 683 599 sancti
710 571 902 607 Clementis,
926 572 969 600 ibi
991 572 1127 610 quiescit
1148 572 1181 600 in

220 628 309 661 lecto,
334 624 527 662 superposito
547 628 646 661 tapeto
663 628 691 651 et
707 623 812 652 licrbis
829 624 1077 662 circumquaque
1097 624 1180 661 posi-

220 680 270 713 tis,
291 687 352 716 que
373 682 475 705 tamen
495 677 576 704 liunt
596 685 611 704 a
628 676 753 705 clericis
771 676 911 713 ejusdem
930 676 1060 705 ecclesie
1081 677 1180 705 sancti

219 731 403 761 Clementis.
430 730 600 767 Postquam
630 737 703 758 vero
730 729 906 766 quieverit,
937 738 1070 766 surgons
1097 729 1183 758 vadit

221 784 359 823 predicto
377 782 467 811 modo
485 791 583 819 usque
603 781 638 810 ad
658 781 822 811 ecclesiam
841 786 948 811 sancte
965 782 1063 810 Marie
1081 782 1180 818 Nove,

219 838 272 866 ubi
291 836 365 864 dum
383 835 522 873 predicto
539 835 631 863 modo
648 834 793 872 quiescit,
815 842 898 863 nnus
916 834 954 863 de
971 834 1053 863 scola
1069 834 1182 863 Crucis

218 894 323 919 cantat
338 888 500 918 letaniam.
517 888 647 917 Cantata
667 892 773 916 autem
790 887 907 916 letania
928 895 1064 923 surgens
1081 887 1183 925 pergit

221 943 337 981 prefato
358 941 450 970 modo
473 950 572 978 usque
598 940 635 969 ad
659 940 823 969 ecclesiam
848 940 947 969 sancti
976 940 1085 975 Marci,
1114 940 1179 976 ubi,

221 997 303 1025 sicut
325 995 471 1032 superius
490 995 644 1032 scriptum
667 997 725 1029 est,
750 993 932 1031 requiescit.
954 994 991 1022 Et
1015 998 1180 1031 postquam

218 1050 410 1088 pausaverit,
434 1048 538 1085 surgit
561 1052 591 1077 et
613 1052 788 1077 memorato
818 1048 911 1077 modo
937 1047 1057 1077 incedit
1080 1056 1182 1085 usque

219 1104 256 1133 ad
276 1103 379 1132 locum
396 1101 451 1140 qui
470 1101 604 1130 Parrion
626 1106 838 1139 nuncupatur,
855 1109 947 1130 cruce
966 1101 1067 1130 sancti
1083 1100 1180 1137 Petri,

220 1165 280 1195 que
298 1156 336 1185 de
357 1154 590 1184 consuetudine
608 1154 674 1192 ipsa
695 1153 746 1182 die
767 1153 848 1192 apud
871 1158 1016 1183 sanctum
1038 1153 1182 1183 Marcum

218 1209 310 1238 debet
326 1208 444 1243 afferri,
463 1211 530 1246 post
543 1195 782 1236 crucem'sancti
799 1206 961 1235 Laurentii
983 1211 1012 1235 et
1027 1207 1101 1235 ante
1114 1214 1183 1235 cru-

220 1271 286 1291 cem
313 1264 420 1290 sancte
448 1260 546 1289 Marie
568 1260 697 1298 maJ‘oris
721 1260 753 1288 in
776 1259 889 1288 ordine
910 1259 1108 1297 procedente.
1135 1259 1181 1288 Ibi

218 1318 324 1344 autem
353 1314 492 1343 domnus
517 1322 593 1350 papa
623 1312 740 1350 pretato
768 1312 860 1341 modo
884 1312 1034 1350 quiescit,
1059 1316 1089 1341 et
1115 1316 1183 1350 post

219 1367 359 1405 quietem
384 1366 518 1401 incedit,
539 1365 620 1394 sicut
637 1365 827 1403 premissum
847 1368 907 1400 est,
926 1373 1025 1402 usque
1044 1365 1083 1393 ad
1102 1373 1181 1403 pon-

221 1424 281 1449 tem
308 1418 407 1448 sancti
429 1418 534 1454 Petri;
561 1418 670 1456 ibique
695 1417 788 1446 modo
810 1417 962 1455 prelibato
984 1417 1135 1455 quiescit,
1154 1421 1183 1446 et

219 1472 258 1501 ab
276 1471 329 1501 illo
349 1471 415 1500 loco
437 1480 572 1507 surgens
589 1475 749 1508 pretaxato
768 1470 861 1499 modo
883 1470 1003 1499 incedit
1020 1479 1119 1509 usque
1137 1470 1181 1500 lo-

220 1533 292 1554 cum
316 1525 369 1562 qui
394 1523 508 1552 dicitur
526 1523 674 1558 Cortina;
698 1526 726 1552 et
742 1523 878 1560 quiescit
898 1522 977 1552 lecto
994 1523 1039 1551 ibi
1060 1532 1077 1551 a
1099 1522 1183 1552 scola

197 1597 201 1600 v
220 1577 432 1613 virgariorum
452 1576 588 1613 predicto
607 1575 698 1604 modo
712 1580 832 1613 Ἀριαῖος
850 1584 1050 1613 surgensque
1062 1575 1183 1604 accedit

220 1630 257 1659 ad
274 1629 391 1667 gradus
404 1628 534 1658 ecclesie
551 1628 651 1657 sancti
668 1628 750 1657 Petri
765 1640 772 1664 3
791 1632 820 1656 et
833 1637 927 1666 super
943 1628 1096 1665 gradibus
1112 1637 1183 1657 ver-

219 1691 298 1719 gens
319 1682 433 1710 faciem
452 1680 490 1710 ad
513 1681 686 1716 orientem,
710 1680 857 1718 primitus
880 1681 975 1710 intrat
999 1681 1181 1717 ecclesiam,

220 1733 402 1773 primicerio
431 1742 502 1762 cum
531 1733 614 1763 scola
644 1737 809 1763 cantorum
846 1734 879 1762 Te
905 1734 992 1763 Deum
1022 1734 1184 1763 laudamus

218 1791 377 1816 cantante.
406 1787 560 1824 Factaque
585 1786 728 1816 oratione
754 1790 821 1824 post
848 1787 883 1815 Te
906 1787 996 1815 Deum
1020 1787 1184 1816 laudamus

218 1849 312 1878 super
323 1841 346 1860 ³¹
367 1843 433 1869 rota
454 1839 486 1868 in
512 1839 642 1868 introitu
665 1839 757 1877 quasi
782 1839 925 1874 ecclesie,
949 1840 1050 1877 pergit
1072 1839 1110 1868 ad
1133 1848 1183 1869 se-

218 1893 401 1926 cretarium,
423 1896 451 1921 et
474 1891 591 1921 ablutis
609 1892 743 1930 pedibus
764 1892 807 1921 ibi
831 1891 961 1921 indutus
983 1892 1064 1921 sicut
1085 1892 1184 1922 moris

218 1951 265 1975 est
288 1949 318 1975 et
343 1945 418 1974 alibi
446 1945 614 1982 scriptum,
639 1945 677 1973 ad
701 1944 800 1974 altare
824 1953 879 1982 pro
904 1945 1001 1973 missa
1026 1945 1184 1974 cantanda

218 1998 347 2027 accedit.

258 2050 329 2089 [63]
346 2051 527 2079 Notandum
543 2049 702 2088 siquidem
720 2050 803 2088 quod
822 2059 906 2079 unus
922 2050 960 2079 de
979 2050 1184 2080 subdiaconis

219 2103 334 2133 etaltcr
344 2104 382 2132 de
393 2102 526 2138 acolitis,
539 2103 628 2140 juxta
640 2102 901 2140 dispositionema
914 2102 1029 2141 prioris
1041 2102 1182 2139 basilice,

218 2156 333 2185 debent
350 2156 395 2184 ire
411 2164 536 2185 summo
553 2164 647 2184 mane
663 2155 745 2193 apud
765 2159 909 2184 sanctum
928 2156 1075 2191 Petrum,
1096 2160 1125 2185 et
1140 2156 1184 2185 ibi

218 2218 289 2238 cum
308 2217 371 2237 uno
384 2208 421 2237 de
434 2208 612 2237 scriniariis
627 2208 798 2237 existentes
810 2207 949 2237 scribere
960 2208 1110 2238 universa
1127 2217 1184 2238 no-

219 2262 306 2289 mina
331 2260 537 2290 ecclesiarum
561 2270 621 2298 que
644 2270 716 2290 cum
739 2260 886 2290 crucibus
908 2260 946 2289 ad
970 2261 1116 2290 camdem
1133 2270 1184 2291 ec·

216 2313 344 2342 clesiam
368 2317 525 2342 venerunt
547 2314 579 2342 in
607 2313 819 2351 processione.
846 2313 1022 2343 Sciendum
1043 2318 1185 2352 preterea

220 2365 301 2404 quod
325 2374 515 2404 unaqueque
539 2365 671 2395 ecclesia
696 2374 758 2404 que
782 2366 893 2395 eadem
915 2366 965 2395 die
990 2367 1092 2404 pergit.
1113 2375 1184 2405 pro-

217 2418 435 2448 cessionaliter
448 2417 532 2456 apud
549 2422 694 2447 sanctum
714 2419 856 2454 Petrum,
874 2419 1108 2457 presbyterium
1126 2419 1184 2449 ha-

219 2470 270 2499 bet
286 2471 323 2499 de
335 2480 393 2500 xxv
410 2470 499 2500 libris
515 2471 588 2500 den.
604 2480 666 2509 que
680 2471 717 2500 de
729 2470 820 2500 altari
839 2472 939 2500 sancti
958 2472 1043 2501 Petri
1058 2475 1185 2510 propter

221 2522 278 2552 hoc
294 2523 505 2562 accipiuntur.
533 2523 685 2553 Uuiversi
697 2525 722 2543 ³2
740 2532 814 2553 vero
836 2523 954 2553 mitrati
971 2524 1184 2563 quadraginta

219 2575 335 2605 solidos
351 2575 384 2604 in
410 2576 616 2614 presbyterio,
635 2577 690 2615 qni
714 2576 863 2606 similiter
881 2577 920 2606 de
938 2577 1077 2614 predicto
1091 2577 1184 2607 altari

219 2627 377 2657 habentur
401 2633 430 2657 et
459 2628 544 2657 inter
573 2637 685 2658 omnes
715 2629 819 2667 equali
847 2630 1059 2668 proportionis
1086 2630 1184 2660 libra-

220 2680 308 2709 mine
324 2680 522 2710 dividuntur.
543 2681 623 2710 Item
640 2681 818 2711 cardinales
832 2682 950 2711 mitrati
969 2682 1183 2720 solummodo,

220 2741 291 2761 cum
313 2733 494 2770 primicerio
516 2738 545 2762 et
566 2733 650 2763 scola
670 2743 726 2763 sua
744 2738 908 2764 cantorum
931 2738 961 2763 et
979 2735 1184 2765 subdiaconis

221 2787 249 2812 et
268 2784 349 2813 scola
366 2784 477 2814 Crucis
494 2791 521 2814 et
538 2786 674 2823 acolitis,
693 2795 709 2815 x
730 2786 845 2816 solidos
867 2786 986 2816 habent
1004 2787 1115 2817 eadem
1132 2788 1184 2818 die

221 2835 257 2864 de
271 2836 388 2873 prefato
402 2836 503 2871 altari,
519 2838 572 2876 qui
587 2838 690 2868 taliter
701 2838 891 2869 dividuntur
903 2849 919 2868 a
934 2839 1033 2878 priori
1049 2840 1184 2871 diacono

213 2999 236 3027 a)
254 3000 316 3022 le.
335 2998 544 3028 depositionem.

725 346 773 374 LE
800 345 940 373 menn
965 343 1200 374 CENSUUM
1224 344 1277 373 DE
1303 336 1487 374 beatiss
1513 345 1722 375 ROMAINE.

1305 411 1471 448 cardinali,
1494 411 1526 440 in
1544 413 1636 449 cujus
1653 420 1750 441 mauu
1765 411 1943 440 traduntur.
1959 412 2019 441 Dat
2034 412 2186 450 itaquein
2207 412 2272 449 pri-

1306 463 1366 492 mis
1378 464 1571 502 presbyteris
1588 464 1807 493 cardinalibus
1819 473 1882 492 xxn
1900 464 2060 501 denarios,
2074 464 2191 494 deinde
2207 463 2272 493 dia-

1304 516 1395 545 conis
1417 516 1638 546 cardinalibus
1663 526 1724 545 xxu
1747 516 1914 553 denarios,
1939 520 2044 554 postea
2067 517 2272 547 subdiaconis

1304 578 1365 597 xxn
1405 569 1570 605 denarios,
1611 569 1794 607 primicerio
1831 569 2034 607 postmodum
2073 579 2146 599 cum
2188 569 2272 600 scola

1305 631 1365 650 xxu
1382 621 1540 658 denarios,
1559 622 1643 651 scole
1658 631 1730 651 vero
1747 621 1892 650 crucium
1906 622 2142 658 undenarios,
2161 622 2273 652 ultimo

1305 674 1426 703 acolitis
1443 684 1460 703 x
1477 674 1636 703 denarios.
1661 674 1709 703 Ad
1730 674 1788 703 hoc
1807 674 1945 703 domnus
1965 682 2043 711 papa
2062 673 2155 703 habet
2170 683 2208 702 xe
2224 683 2271 704 so-

1305 726 1385 756 lidos
1403 727 1514 756 eodem
1532 727 1594 764 die,
1611 731 1640 755 et
1656 727 1695 755 de
1711 727 1820 756 eodem
1838 727 1915 756 loco.
1936 727 1974 755 Et
1990 726 2168 755 notandum
2186 727 2271 765 quod

1304 779 1338 807 in
1363 780 1451 808 omni
1477 779 1612 808 statione
1634 779 1717 817 apud
1741 784 1886 809 sanctum
1906 779 2038 809 Petrum
2063 779 2159 809 habet.
2180 779 2271 809 dom·
2311 806 2314 808 ,

1305 841 1365 861 nus
1392 842 1470 870 papa
1493 843 1530 862 xr.
1554 833 1672 862 solidos
1694 833 1732 862 de
1751 833 1859 869 altari,
1885 833 2014 872 quando
2035 833 2174 863 celebrat
2197 833 2274 863 mis-

1305 894 1390 920 sam;
1416 885 1548 923 predicti
1569 886 1665 914 etiam
1681 885 1878 920 cardinales,
1899 885 2105 922 subdiaconi,
2124 886 2273 924 primice-

1306 937 1372 966 rius
1388 945 1461 966 cum
1478 937 1561 967 scola
1575 942 1753 975 cautorum,
1772 938 1855 968 scola
1868 938 1982 968 Crucis
1997 943 2027 968 et
2042 939 2161 975 acoliti,
2176 939 2274 978 prefa-

1306 993 1352 1019 tos
1375 1000 1391 1019 x
1418 990 1535 1020 solidos
1561 991 1605 1020 sic
1626 991 1756 1021 divisos.
1786 991 1824 1020 In
1849 991 1940 1021 omni
1966 992 2116 1029 statione,
2147 991 2275 1021 etiamsi

1306 1044 1445 1073 domnus
1478 1052 1555 1082 papa
1589 1052 1651 1073 non
1683 1044 1866 1073 interfuerit
1894 1048 1924 1073 et
1951 1044 2070 1082 aliquis
2098 1044 2274 1074 cardinalis

1305 1096 1515 1126 celebraverit
1537 1097 1595 1132 ibi,
1626 1096 1663 1126 de
1686 1097 1796 1126 eodem
1823 1097 1916 1126 altari
1940 1097 2056 1127 debent
2088 1098 2216 1127 habere.
2242 1097 2276 1128 Si

1307 1158 1382 1179 vero
1401 1150 1539 1179 domnus
1563 1159 1642 1188 papa
1659 1154 1746 1179 extra
1763 1150 1875 1180 urbem
1893 1150 2001 1187 tuerit,
2016 1155 2045 1180 et
2067 1151 2205 1180 vicarius
2226 1151 2275 1181 vel

1305 1203 1422 1241 aliquis
1445 1202 1619 1233 cardinalis
1642 1212 1697 1233 seu
1725 1203 1842 1241 aliquis
1861 1208 2030 1233 extraneus
2049 1204 2215 1242 episcopus
2238 1204 2276 1234 de

1306 1256 1456 1286 mandato
1477 1257 1588 1286 domni
1605 1265 1683 1295 pape
1699 1256 1893 1293 interfuerit,
1909 1260 1938 1286 et
1954 1257 1997 1286 ibi
2014 1257 2124 1287 divina
2139 1257 2276 1287 celebra-

1308 1310 1400 1346 verit,
1419 1309 1568 1339 similiter
1584 1309 1701 1339 debent
1722 1310 1761 1339 de
1778 1309 1887 1339 eodem
1905 1310 1972 1340 loco
1992 1320 2009 1339 x
2034 1310 2127 1340 solidi
2144 1310 2229 1347 dari,
2248 1314 2278 1340 et

1305 1362 1360 1392 ille
1379 1363 1433 1402 qui
1456 1366 1540 1399 tunc,
1556 1363 1638 1392 sicut
1654 1362 1733 1400 dixi,
1748 1363 1786 1392 de
1803 1363 1954 1393 mandato
1970 1363 2081 1393 domni
2099 1373 2177 1402 pape
2193 1363 2277 1394 cele-

1307 1416 1463 1452 braverit,
1482 1425 1518 1445 XL
1535 1415 1651 1446 solidos
1668 1416 1780 1454 recipit
1800 1416 1838 1445 de
1861 1417 1929 1455 ipso
1949 1416 2059 1453 altari,
2079 1425 2159 1455 quos
2184 1417 2276 1446 dom-

1307 1478 1368 1498 nus
1393 1477 1471 1507 papa
1500 1469 1668 1507 reciperet,
1690 1469 1716 1498 si
1745 1473 1821 1499 tuuc
1836 1468 2010 1498 celebraret
2032 1469 2153 1499 divina.
2181 1469 2276 1499 Pres-

1306 1522 1398 1561 cripti
1420 1531 1494 1551 vero
1509 1531 1546 1551 xi.
1562 1521 1655 1552 solidi
1672 1523 1727 1561 qui
1746 1523 1885 1552 mitratis
1902 1522 2030 1558 dantur,
2046 1522 2171 1552 etiamsi
2186 1522 2277 1552 dom-

1307 1584 1367 1604 nus
1385 1583 1462 1613 papa
1479 1574 1575 1604 fuerit
1591 1579 1678 1604 extra
1692 1575 1824 1612 urbem,
1848 1575 1887 1605 de
1903 1575 2014 1605 eodem
2038 1574 2106 1605 loco
2130 1575 2227 1614 ipsis,
2250 1575 2277 1605 si

1306 1628 1532 1664 interfuerint,
1550 1628 1755 1659 exhibentur.
1777 1629 1812 1658 Si
1835 1632 1942 1659 autem
1964 1628 1996 1658 in
2017 1629 2095 1658 urbe
2117 1628 2230 1666 fuerit,
2248 1633 2278 1658 et

1307 1689 1370 1710 non
1389 1681 1563 1719 perrexerit
1579 1681 1612 1710 in
1633 1681 1832 1719 processione
1854 1691 1907 1712 seu
1925 1681 2150 1718 celebraverit,
2169 1681 2276 1711 nichi-

1306 1733 1447 1763 lominus
1467 1734 1595 1763 habent.
1622 1734 1739 1764 Clerici
1761 1738 1867 1763 tamen
1895 1735 1982 1764 urbis
2007 1743 2133 1773 semper
2157 1734 2278 1764 habent

1306 1786 1539 1825 suprascriptas
1556 1796 1615 1816 xxv
1632 1786 1746 1824 libras,
1763 1787 1830 1817 sive
1845 1786 1983 1816 domnus
2000 1795 2079 1825 papa
2096 1787 2135 1816 sit
2151 1787 2184 1816 in
2199 1786 2278 1816 urbe

1306 1839 1356 1869 vel
1376 1844 1477 1876 extra,
1496 1849 1549 1869 seu
1570 1840 1746 1869 cantaverit
1769 1844 1824 1869 aut
1844 1848 1932 1876 non3
1954 1849 2016 1878 que
2035 1839 2276 1870 distribuuntur

1307 1896 1341 1921 ut
1356 1892 1492 1922 inferius
1509 1893 1741 1922 subscribetur.

1348 1944 1421 1982 [66].
1440 1945 1508 1974 Hoc
1524 1945 1683 1984 siquidem
1699 1950 1745 1974 est
1761 1945 1947 1975 nullatenus
1963 1945 2276 1984 pretermittendum,

1307 1997 1389 2036 quod
1404 1997 1430 2026 si
1447 1997 1526 2026 forte
1540 2006 1576 2026 ex
1594 2006 1657 2035 quo
1673 1997 1784 2027 toallea
1799 1998 1997 2037 exponitura
2011 1997 2207 2036 cappellanis
2225 2006 2277 2028 su-

1308 2059 1363 2088 per
1378 2049 1488 2086 altare,
1505 2049 1627 2088 aliquid
1644 2050 1786 2079 oblatum
1808 2051 1904 2080 suerit
1926 2059 2015 2089 pape,
2039 2051 2181 2089 ipsorum
2203 2059 2278 2089 cap-

1308 2103 1509 2142 pellanorum
1531 2108 1592 2139 est,
1613 2103 1700 2132 nullo
1716 2103 1778 2133 alio
1797 2111 1870 2133 cum
1892 2103 1970 2142 ipsis
1987 2103 2198 2142 participante
2220 2112 2226 2132 :
2249 2106 2279 2133 et

1308 2157 1351 2185 ita
1369 2155 1474 2192 durat,
1492 2156 1594 2186 donec
1609 2156 1648 2185 ad
1662 2156 1761 2185 altare
1778 2165 1833 2194 pro
1850 2156 1950 2185 missa
1965 2156 2124 2186 cantanda
2140 2155 2278 2186 domnus

1308 2218 1387 2248 papa
1405 2209 1543 2239 accedat.
1570 2209 1731 2247 Quicquid
1753 2217 1827 2239 vero
1849 2213 2014 2248 postquam
2037 2209 2177 2239 domnus
2198 2217 2277 2248 papa

1307 2261 1475 2292 accesserit
1501 2262 1539 2291 ad
1568 2262 1682 2299 altare,
1711 2262 1812 2292 donec
1837 2262 1923 2291 idem
1950 2262 2207 2300 pronuntiaverit
2234 2262 2277 2292 Ite

1309 2316 1401 2344 missa
1422 2319 1480 2350 esc,
1504 2323 1598 2353 super
1621 2315 1719 2344 altare
1741 2315 1882 2345 oblatum
1906 2315 2016 2352 suerit,
2040 2314 2085 2344 sic
2107 2314 2275 2344 dividitur.

1309 2368 1345 2396 In
1364 2367 1477 2406 primis
1492 2367 1610 2397 dantur
1626 2367 1828 2397 marescalcis
1844 2377 1886 2397 xu
1904 2368 2040 2397 denarii.
2055 2385 2094 2389 —
2110 2368 2148 2397 Et
2163 2371 2278 2397 notan-

1308 2420 1385 2449 dum
1401 2420 1485 2458 quod
1500 2420 1533 2449 in
1550 2420 1641 2450 omni
1658 2421 1793 2450 statione
1812 2421 1845 2449 in
1860 2429 1922 2459 qua
1936 2420 2074 2450 domnus
2095 2429 2174 2459 papa
2194 2419 2276 2450 cele-

1308 2473 1378 2503 brat
1393 2473 1502 2502 divina
1519 2473 1601 2512 apud
1619 2478 1764 2503 sanctum
1783 2474 1925 2508 Petrum,
1945 2473 2145 2503 tantumdem
2162 2473 2280 2503 debent

1310 2526 1437 2556 babere.
1465 2526 1501 2555 In
1528 2526 1678 2556 omnibus
1703 2527 1797 2556 etiam
1822 2525 1895 2556 aliis
1924 2526 2117 2556 stationibus
2139 2525 2278 2555 aliarum

1308 2578 1536 2615 ecclesiarum,
1562 2579 1616 2608 ubi
1645 2579 1784 2609 domnus
1811 2588 1889 2618 papa
1915 2579 2055 2609 celebrat
2079 2578 2210 2616 divina,
2238 2578 2278 2609 de

1308 2630 1526 2661 oblationibus
1550 2631 1676 2668 altaris,
1700 2641 1754 2661 seu
1779 2641 1841 2670 que
1869 2632 1951 2661 siunt
1978 2635 2046 2670 post
2072 2631 2278 2670 evangelium

1306 2683 1426 2713 domno
1444 2693 1532 2722 pape,
1552 2684 1700 2722 predictis
1716 2684 1916 2714 marescalcis
1932 2685 2050 2714 dantur
2066 2693 2119 2714 sex
2136 2684 2272 2714 denarii.

1307 2736 1397 2772 Quod
1422 2737 1447 2765 si
1477 2736 1555 2767 sorte
1584 2737 1787 2775 contingeret.
1818 2737 2015 2767 oblationem
2042 2736 2186 2775 aliquam
2213 2744 2278 2766 non
2319 2763 2321 2765 .

1307 2797 1386 2825 esse,
1405 2789 1468 2818 nisi
1491 2789 1580 2818 illam
1598 2800 1660 2828 que
1680 2790 1772 2819 debet
1788 2799 1856 2819 esse
1873 2789 2138 2827 mapulariorum,
2157 2798 2276 2819 mares·

1307 2839 1386 2870 calci
1406 2840 1467 2880 ipsi
1490 2841 1528 2871 de
1550 2842 1660 2872 eadem
1679 2841 1839 2872 oblatione
1855 2851 1907 2871 sex
1931 2841 2078 2871 denarios
2094 2841 2226 2872 habent.
2244 2841 2278 2871 Si

1307 2901 1383 2923 vero
1398 2893 1516 2924 oblatio
1535 2903 1596 2924 non
1615 2895 1753 2931 affuerit,
1773 2893 2018 2924 elemosinarius
2033 2894 2087 2923 dat
2102 2894 2147 2923 eis
2163 2893 2201 2923 de
2217 2893 2277 2923 eli-

1308 2946 1434 2975 mosina
1454 2955 1505 2976 sex
1528 2947 1690 2977 denarios.
1719 2946 2013 2984 Quotienscumque
2036 2945 2176 2976 domnus
2199 2955 2278 2985 papa

1307 3001 1423 3034 cantat,
1442 3004 1472 3027 et.
1487 3008 1690 3038 quocumque
1707 2999 1774 3028 loco
1791 3001 1907 3034 cantat,
1925 2998 2054 3036 quando
2072 3007 2134 3028 non
2152 3003 2198 3028 est
2214 3003 2276 3028 sta-
