2434 3530
630 346 680 375 LE
703 346 849 376 LIBER
871 345 1105 376 CENSUUM
1129 346 1183 375 DE
1206 337 1392 376 L‘E'GLISE
1417 348 1624 378 ROMAINE.
2117 351 2172 381 339

161 409 340 439 Johannes.

162 461 316 491 Silvester
333 461 542 492 Tustulanus.

161 513 328 544 Johannes
345 515 402 553 qui
417 519 546 545 vocatur
562 515 662 546 Sicco.

159 566 328 596 Johannes
346 567 402 606 qui
419 571 549 598 vocatur
564 568 734 598 Fanassus.

161 619 295 656 Sergius
311 620 368 658 qui
384 624 513 651 vocatur
528 621 570 651 Os
589 621 690 659 porci.

162 670 358 702 Benedictus
383 672 480 702 frater
502 672 645 702 Alberici
669 673 811 711 majoris.
836 673 897 702 Hic
916 681 1089 710 germanus

122 722 269 753 Silvestri
283 724 458 762 superioris
475 733 540 755 uno
555 725 731 763 eodemque
745 725 797 754 die
812 729 842 754 et
857 725 957 754 laicus
973 728 1003 754 et
1013 733 1088 763 pon-

121 775 196 805 tifex
214 776 286 805 fuit.

160 828 328 858 Johannes
355 829 452 858 frater
479 830 552 867 ejus
567 838 684 867 genere
708 830 909 859 Tusculanus
934 830 1088 860 Octonem

123 889 230 918 regem
248 880 411 911 Saxonum
424 882 590 911 coronavit
606 882 841 920 imperatorem.

163 933 360 963 Benedictus
376 933 427 963 vel
442 934 548 963 Zenus
564 934 621 973 qui
637 938 768 964 vocatur
786 935 1047 973 Pheophilactus.

162 984 317 1015 Silvester
334 985 536 1016 Sainnensis.

161 1037 338 1076 Gregorius
355 1039 410 1077 qui
426 1043 556 1069 vocatur
571 1039 739 1070 Johanues
754 1040 939 1070 Gratianus.

162 1090 313 1121 Clemens
329 1092 384 1130 qni
401 1096 532 1122 vocatur
548 1092 723 1131 Suggerus.

162 1143 321 1173 Damasus
337 1145 391 1182 qui
408 1149 538 1174 vocatur
556 1146 676 1184 Poppo.

162 1195 225 1225 Leo
241 1196 296 1234 qui
313 1200 444 1226 vocatur
461 1197 581 1228 Bruno.

164 1249 273 1279 Victor
291 1250 347 1287 qui
365 1255 495 1280 vocatur
512 1249 708 1281 Geheardus.

162 1301 344 1340 Stephanus
361 1303 417 1340 qui
430 1306 560 1333 vocatur
575 1303 775 1333 Fredericus.

163 1354 357 1385 Benedictus
370 1355 581 1385 Velletrensis
597 1356 775 1395 episcopus.

161 1407 356 1445 Nicholaus‚
377 1409 465 1447 prius
481 1414 611 1439 vocatus
629 1409 809 1447 Gerardus,
828 1410 993 1449 episcopus
1014 1410 1089 1441 Flo-

121 1460 270 1490 rentinus
291 1461 368 1499 fuit,
391 1470 489 1500 quem
509 1462 725 1492 Ildebrandus
748 1463 927 1492 monachus
943 1463 1090 1493 Romane

123 1512 256 1543 ecclesie
272 1513 520 1544 archidiaconus
540 1515 623 1553 apud
643 1514 762 1545 Senam
778 1515 812 1544 in
830 1524 994 1545 summum
1011 1524 1090 1554 pon-

83 2051 221 2082 LXIIII.
239 2069 278 2073 —
293 2053 455 2082 Lxrrsnn¹
472 2053 659 2081 Anssxmnm
674 2061 750 2082 ΡΑΡΕ
767 2062 806 2082 Ao
822 2062 961 2083 FRATRES
976 2062 1094 2084 moins-

123 2113 208 2134 ·rnnn
230 2114 268 2134 nr:
287 2104 490 2134 Msnmoxono
511 2113 609 2134 sumn
626 2113 742 2134 casrno
762 2104 894 2134 Tissnms
916 2114 997 2139 ouon
1018 2115 1094 2136 com-

124 2165 240 2187 mssun
260 2166 335 2187 rurr
353 2165 505 2187 cusronm
527 2156 564 2185 P.
586 2165 625 2186 ΕΤ
642 2157 757 2186 Lnoms
777 2166 927 2188 mmonum
945 2167 1094 2192 QUONDAM

123 2210 224 2240 CINcn
245 2210 436 2240 FmsAroms
456 2219 496 2240 ET
516 2219 662 2240 ECGLESIA
682 2218 791 2240 SANCTI
813 2211 1011 2241 ELEUTHERH
1034 2221 1094 2246 QUE

123 2271 162 2292 An
178 2271 231 2292 ms
246 2272 402 2292 PERTINET
419 2271 611 2292 monas'rsnn
627 2272 802 2293 Ana-sotem

76 2159 92 2167 ι

163 2370 335 2399 Aleccander
350 2370 503 2407 episcopus
518 2378 624 2398 servus
641 2378 799 2399 servorum
817 2371 869 2399 Dei
884 2371 1001 2400 dilectis
1018 2371 1094 2408 filiis

121 2547 146 2573 1.
166 2546 334 2573 Alexandro
349 2545 393 2572 III
408 2546 533 2580 garantit
550 2547 565 2572 a
580 2546 702 2577 Aimon,
719 2546 791 2572 abbe
806 2547 840 2573 de
856 2546 1047 2579 Marmosolo,
1066 2551 1094 2575 et

84 2595 100 2621 a
115 2602 163 2621 ses
178 2595 292 2621 moines
303 2616 309 2625 ,
326 2594 352 2620 la
369 2595 539 2628 possession
558 2593 592 2620 de
614 2594 724 2629 l'eglise
745 2594 997 2622 Saint-Eleuthere
1014 2597 1029 2622 a
1043 2595 1094 2622 Ti-

83 2650 169 2676 vera,
192 2645 268 2669 cette
294 2643 384 2676 eglise
406 2644 514 2669 n'etant
536 2650 587 2677 pas
609 2643 753 2677 comprise
776 2643 848 2670 dans
868 2644 1017 2678 l'echange
1042 2644 1094 2671 des

85 2691 273 2718 chAtellenies
288 2690 445 2717 d’Olevano
461 2694 490 2716 et
505 2690 539 2716 de
554 2690 673 2723 Tivera,
697 2692 830 2718 consenti
844 2700 895 2726 par
910 2693 935 2718 le
951 2700 1023 2727 pape
1037 2701 1093 2720 aux

84 2738 131 2765 fils
147 2738 182 2765 de
197 2738 304 2765 Cencio
325 2737 496 2773 Frajapane.
520 2753 553 2759 —
574 2738 655 2765 Cette
676 2739 759 2766 lettre
777 2739 828 2773 (J.,
847 2740 942 2774 1‘26‘24)
958 2740 1018 2767 doit
1033 2741 1093 2767 etre

85 2786 120 2813 de
136 2786 212 2813 l’une
228 2786 280 2813 des
297 2789 404 2813 annees
420 2786 498 2820 1160,
516 2787 594 2821 1173,
613 2787 691 2819 1174,
711 2788 789 2814 1175.
806 2788 980 2815 Marmosolo
997 2792 1025 2815 et
1043 2789 1093 2815 Ti-

85 2834 166 2860 beria
188 2834 295 2861 etaient
313 2834 389 2861 deux
411 2835 540 2861 localites
559 2835 688 2862 voisines
711 2835 745 2861 de
765 2835 851 2862 Ninfa
873 2840 900 2862 et
920 2836 954 2862 de
974 2836 1092 2863 Norma.

85 2881 164 2908 Elles
179 2882 293 2909 avaient
308 2884 353 2908 ete
369 2882 497 2909 donnees
512 2891 547 2909 en
565 2883 631 2909 1154
649 2891 706 2910 aux
718 2883 893 2910 Cisterciens
904 2892 955 2918 par
965 2884 1093 2918 l’eveque

86 2929 120 2956 de
137 2929 257 2957 Velletri
274 2930 412 2965 Hugues;
430 2939 457 2958 v.
474 2931 596 2966 Borgia,
614 2932 714 2958 Μανία
728 2932 799 2958 della
816 2932 904 2958 chiesa
921 2932 951 2957 di
974 2932 1091 2964 Venari,

86 2986 104 3012 p
131 2978 193 3006 232.
211 2978 255 3007 Cf.
272 2978 381 3011 Rauen,
398 2979 490 3006 Seoria
505 2980 535 3006 di
553 2980 670 3012 leetri,
687 2983 707 3007 t.
725 2979 763 3012 11,
781 2989 809 3015 p.
829 2980 894 3012 125;
913 2981 939 3006 L.
958 2982 999 3013 P„
1016 2984 1036 3007 t.
1053 2980 1091 3014 11,

1215 412 1331 442 [ilicem
1350 412 1464 451 elegit;
1481 414 1537 452 qui
1554 420 1661 452 postea
1673 415 1711 444 de
1733 416 1886 454 tripertita
1905 417 2042 446 simonia
2062 418 2095 446 in
2117 418 2172 446 La-

1213 465 1373 493 teranensi
1391 466 1525 496 concilio
1541 472 1633 505 caput
1649 468 1731 498 fecit.

1253 516 1436 546 Alexander
1449 519 1505 556 qui
1518 523 1647 548 vocatur
1659 520 1831 549 Anselmus
1846 521 1998 550 Lucensis
2011 522 2173 560 episcopus

1212 567 1282 597 suit.

1252 620 1426 658 Gregorius
1443 622 1500 660 qui
1520 628 1648 652 vocatur
1670 623 1872 654 ildibrandus
1896 626 2082 655 monachus.

1254 674 1362 703 Victor
1378 675 1433 712 qui
1450 679 1478 703 et
1496 675 1682 705 Desiderius
1699 677 1825 706 cenobii
1843 677 2047 707 Cassinensis
2064 678 2171 708 abhas.

1256 727 1405 756 Urbanus
1417 729 1582 757 constituit
1596 729 1835 767 prepliationem
1849 740 1877 759 x.
1891 731 1928 759 de
1940 735 2048 760 sancta
2061 731 2171 760 Maria.

1253 779 1430 809 Paschalis.

1252 830 1412 861 Gelasius.

1251 883 1406 914 Calixtus.

1254 936 1429 966 Honorius.

1254 989 1463 1019 Innocentius
1490 998 1562 1019 cnm
1584 990 1690 1028 plures
1713 990 1932 1020 ordinationes
1953 1000 2011 1021 suo
2037 997 2175 1030 ternpore

1214 1041 1417 1078 celebrasset,
1440 1047 1471 1071 x⁰
1494 1051 1550 1072 sue
1573 1043 1787 1073 ordinationis
1809 1052 1894 1072 anno
1913 1044 1945 1072 in
1970 1045 2175 1074 Lateranensi

1213 1093 1345 1124 ecclesia
1361 1095 1534 1124 concilium
1551 1095 1732 1132 celebravit,
1758 1096 1792 1124 in
1816 1105 1878 1134 quo
1901 1097 2066 1135 episcopis,
2085 1105 2174 1134 pres-

1212 1146 1346 1185 byteris,
1358 1147 1556 1183 diaconibus,
1571 1148 1832 1184 subdiaconibus,
1849 1149 2096 1178 utmatrimonia
2111 1157 2175 1178 non

1213 1199 1439 1229 contraherent
1462 1199 1646 1236 interdixit,
1669 1204 1830 1229 contracta
1851 1208 1976 1238 quoque
1998 1205 2032 1229 ut
2047 1209 2175 1239 separa-

1212 1255 1326 1281 rentur
1349 1252 1514 1282 sanccivit.
1533 1253 1644 1282 Artem
1665 1253 1759 1282 etiam
1778 1253 1867 1282 illam
1888 1253 2125 1291 sagittariorum
2147 1257 2177 1282 et

1212 1303 1451 1334 balistariorum
1469 1305 1501 1334 in
1519 1305 1630 1334 eodem
1648 1305 1784 1335 concilio
1801 1306 1860 1335 sub
1875 1306 2087 1335 anathematis
2106 1306 2178 1334 vin-

1213 1356 1284 1386 culo
1299 1356 1476 1394 prohibuit.
1495 1357 1583 1386 Obiit
1596 1367 1650 1386 vni
1667 1358 1730 1387 kal.
1750 1358 1906 1387 octobres.

1252 1408 1444 1439 Celestinus.

1253 1462 1379 1492 Lutius.

1254 1515 1428 1551 Eugenius.

1216 2055 1340 2082 Aimoni
1362 2059 1387 2082 et
1407 2054 1563 2082 universis
1583 2053 1733 2088 fratribus
1752 2053 1929 2080 monasterii
1948 2053 1981 2080 de
2000 2053 2182 2082 Marninsolo

1216 2107 1343 2135 salutent
1369 2111 1394 2134 et
1415 2106 1608 2143 apostolicam
1629 2105 1872 2133 benedictionem.
1895 2105 1967 2133 Cwn
1989 2114 2024 2133 etr
2046 2106 2182 2142 injuncto

1218 2159 1300 2187 nobis
1325 2159 1417 2195 officio
1441 2159 1634 2195 singaulorum
1655 2158 1732 2194 jura
1756 2157 1910 2192 defendere
1937 2157 2094 2186 debeamus
2120 2160 2182 2187 illis

1213 2212 1371 2249 presertim
1390 2211 1528 2247 cogimur
1545 2210 1769 2246 suasjustitias
1781 2218 1958 2238 conservare
1973 2219 2045 2246 qnos
2061 2211 2182 2239 habitus

1217 2264 1381 2293 honestatis
1395 2268 1521 2291 etr0rnat
1533 2267 1559 2291 et
1573 2264 1701 2291 cultores
1718 2262 1815 2290 reddit
1829 2251 1911 2290 sarr}
1929 2263 2086 2299 religionis
2103 2264 2181 2291 insi-

1215 2326 1296 2354 gnes.
1321 2317 1379 2345 Nos
1398 2316 1548 2352 siqnidem
1572 2316 1689 2344 dilectis
1708 2315 1784 2351 filiis
1805 2316 1916 2343 nostris
1937 2316 2084 2343 nobilibus
2105 2317 2181 2344 ciris

1215 2370 1364 2404 Johanni,
1395 2369 1479 2397 Petro
1504 2373 1529 2397 el
1552 2369 1641 2397 Leoni
1663 2368 1738 2403 filiis
1763 2368 1914 2403 quondum
1942 2368 2012 2396 hone
2041 2369 2181 2396 memorie

1175 2555 1204 2581 p.
1222 2545 1283 2578 309,
1297 2549 1362 2571 note
1376 2545 1425 2576 40;
1443 2544 1630 2573 Tomassetti.
1644 2545 1801 2576 Campayna
1813 2544 1943 2574 Romana,
1962 2547 1980 2569 t.
1993 2543 2015 2574 Ι,
2029 2552 2056 2578 p.
2070 2544 2111 2570 68.
2131 2544 2179 2569 Tt-

1175 2602 1239 2620 vera
1255 2598 1299 2620 est
1316 2602 1353 2620 un
1369 2594 1426 2620 lieu
1441 2593 1481 2619 dit
1498 2601 1534 2618 un
1552 2600 1608 2627 peu
1624 2594 1638 2618 d
1652 2591 1755 2618 l'ouest
1768 2591 1803 2617 de
1819 2590 1914 2617 Ninfa.
1930 2590 2005 2617 Tout
2021 2593 2095 2625 pres,
2114 2600 2180 2618 vers

1175 2643 1201 2669 le
1218 2642 1303 2673 nord,
1321 2642 1449 2668 subsiste
1468 2641 1493 2667 le
1514 2648 1580 2667 nom
1601 2640 1634 2666 de
1650 2640 1676 2666 S.
1695 2640 1840 2665 Eleuterio.
1858 2638 1952 2670 Quant
1969 2641 1985 2665 a
2001 2638 2127 2674 l'abbaye
2144 2640 2179 2665 de

1174 2690 1360 2721 Marmosolo,
1378 2690 1395 2716 il
1412 2690 1472 2715 faut
1486 2689 1631 2723 peut-etro
1646 2687 1806 2713 l’identifier
1816 2695 1885 2713 avec
1897 2687 2023 2721 l’abbaye
2034 2687 2068 2712 de
2080 2687 2109 2713 S.
2121 2687 2179 2713 An-

1176 2738 1255 2772 gelo,
1269 2738 1429 2764 au-dessus
1446 2737 1480 2763 de
1497 2737 1596 2769 Ninfa,
1614 2739 1694 2761 entre
1710 2735 1816 2761 Not-ma
1832 2738 1860 2761 et
1876 2734 2059 2765 Sermonem,
2077 2735 2145 2761 dont
2160 2735 2178 2761 il

1176 2785 1253 2813 reste
1269 2790 1346 2812 truce
1362 2785 1432 2811 dans
1449 2785 1473 2811 le
1489 2785 1544 2811 lieu
1560 2784 1600 2810 dit
1614 2785 1631 2809 Α
1639 2784 1745 2809 ϋῦαάία.
1762 2797 1797 2803 —
1812 2782 1957 2808 L'homine
1971 2783 2005 2808 de
2021 2783 2086 2808 bien
2103 2783 2179 2815 (bone

1176 2836 1313 2865 memorie)
1332 2833 1458 2859 Cencius
1474 2832 1630 2867 Frajapane
1642 2837 1686 2857 est
1697 2832 1770 2857 celui
1782 2831 1851 2856 dont
1866 2831 1884 2857 il
1901 2835 1944 2857 cst
1959 2831 2092 2864 question
2104 2830 2177 2856 dans

1175 2884 1201 2909 la
1218 2883 1261 2909 vie
1278 2882 1312 2908 de
1328 2882 1431 2908 Golase
1446 2881 1473 2907 ΙΙ
1491 2882 1529 2914 (L.
1547 2882 1587 2912 P.⁷
1606 2885 1624 2906 t.
1642 2879 1678 2910 ΙΙ,
1697 2888 1725 2913 p.
1742 2879 1791 2905 313
1810 2884 1837 2905 et
1853 2879 1949 2907 snivi
1967 2894 1998 2897 —
2014 2878 2052 2904 Ce
2069 2882 2145 2904 texte
2160 2887 2176 2904 a

1176 2928 1751 2966 etopublie·parPssugk-Hmtu12g,Acca
1767 2929 1795 2953 P.
1810 2928 1837 2953 R.
1853 2927 1998 2959 inc‹11'ca,t.
2017 2925 2054 2957 II,
2069 2935 2096 2960 p.
2111 2926 2174 2956 24¹,

1175 2979 1286 3014 d'apffis
1304 2987 1340 3004 un
1358 2977 1516 3004 manuscrit
1531 2976 1696 3003 secondairc
1713 2976 1749 3001 ‹lu
1769 2976 1794 3000 L.
1811 2976 1838 3001 (J.
