2434 3530
651 330 701 359 LE
725 330 871 360 LIBER
894 329 1126 360 CENSUUM
1150 329 1204 359 DE
1229 320 1414 360 L‘PiGLISE
1438 331 1647 361 ROMAINE.
2139 333 2199 366 333

143 395 215 425 idus
231 396 368 425 octobris
392 397 504 426 martir
525 396 656 426 effectus
681 401 737 427 est.
760 397 824 432 Qui
844 396 941 426 etiam
965 395 1109 434 sepultus

143 452 188 478 est
204 448 237 477 in
255 449 412 478 cimiterio
428 449 593 487 Calepodii
611 449 662 478 via
681 449 825 479 Aurelia.

182 501 336 532 Urbanus
361 502 433 532 fecit
457 503 568 532 omnia
600 503 779 531 ministeria
811 506 933 532 sacrata
959 507 1110 540 argentea

143 559 172 584 et
195 559 324 594 patenas
347 559 514 594 argenteas
539 565 600 585 xxv
622 556 738 594 posuit.
767 555 826 585 Hic
852 563 925 585 vero
949 555 1109 584 confessor

143 607 247 637 extitit
279 608 476 646 temporibus
509 607 711 638 Diocliciani.
748 608 808 636 Hic
844 616 901 637 sua
939 607 1109 637 traditione

144 660 261 690 multos
278 661 434 690 convertit
450 661 488 690 ad
506 661 601 690 fidem
621 664 649 690 et
664 660 702 689 ad
718 661 914 698 baptismum
931 665 961 690 et
976 660 1108 690 creduli-

145 718 258 751 tatem,
283 715 378 743 etiam
400 713 610 743 Valerianum
632 713 872 742 nobilissimum
892 713 996 742 virum
1014 721 1110 751 spon-

143 776 213 796 sum
231 771 339 797 sancte
356 766 473 796 Cecilie
489 769 519 795 et
536 766 664 795 fratrem
689 766 775 803 ejus,
799 774 878 804 quos
895 766 991 795 etiam
1010 775 1110 804 usque

143 820 181 850 ad
202 819 339 849 martirii
354 819 493 858 palmam
512 819 669 857 perduxit,
685 822 714 847 et
728 828 782 856 per
798 818 863 857 ejus
881 819 1003 848 monita
1017 818 1110 848 multi

144 872 288 902 martirio
310 872 451 902 coronati
472 876 558 901 sunt.
586 872 648 901 Hic
674 872 747 901 fecit
771 871 991 902 ordinationes
1014 882 1031 900 v
1057 881 1110 909 per

143 935 287 955 mensem
304 925 499 961 decembris,
519 925 720 963 presbyteros
741 934 785 962 ix,
809 925 958 955 diaconos
974 935 1005 960 v,
1023 925 1110 964 epis-

142 986 236 1016 copos
253 987 307 1017 per
322 978 449 1008 diversa
462 978 531 1007 loca
544 987 678 1008 numero
694 987 760 1007 vm.
779 978 839 1014 Qui
857 978 954 1007 etiam
968 979 1110 1016 sepultus

144 1036 192 1061 est
204 1031 238 1060 in
255 1031 416 1061 cimiterio
431 1036 593 1070 pretaxato
605 1032 655 1060 via
672 1032 754 1069 Apia
770 1031 916 1061 martirio
928 1036 1107 1061 coronatus.

144 1085 246 1120 Quem
263 1084 410 1123 sepelivit
425 1085 536 1114 beatus
551 1085 714 1123 Tyburius
729 1094 785 1114 vnt
803 1084 867 1115 kal.
881 1085 979 1123 junii.

183 1138 360 1167 Pontianus
382 1138 454 1168 fecit
476 1138 696 1168 ordinationes
714 1148 735 1167 11
752 1147 807 1176 per
822 1147 965 1167 mensem
983 1138 1110 1167 decem-

144 1191 221 1227 bris,
240 1191 444 1230 presbyteros
460 1200 503 1227 νι,
523 1191 674 1220 diaconos
691 1201 721 1226 v,
736 1192 898 1229 episcopos
917 1200 972 1229 per
987 1191 1112 1220 diversa

142 1243 211 1273 loca
235 1252 371 1273 numero
387 1253 429 1273 VJ.
449 1244 509 1273 Hic
527 1243 622 1273 exilio
644 1243 827 1281 deportatus
849 1243 909 1272 sub
927 1243 1111 1273 Alexandro

144 1297 177 1326 in
194 1297 301 1327 insula
319 1297 452 1333 Bucffla,
472 1302 502 1325 et
518 1297 635 1326 Severo
656 1301 686 1326 et
702 1296 903 1331 Quintiliano
920 1296 1112 1326 consulibus

143 1351 176 1380 in
195 1350 306 1380 eadem
322 1350 429 1380 insula
445 1350 578 1380 afflictus
599 1355 630 1379 et
650 1350 788 1379 fustibus
805 1354 983 1380 maceratus
1000 1351 1110 1379 marti-

143 1404 190 1433 rio
216 1407 384 1433 coronatus
408 1403 577 1433 deiunctus
601 1407 646 1433 est
669 1412 724 1432 xm
750 1402 814 1432 kat.
834 1402 1013 1432 decembris
1030 1402 1111 1432 etin

144 1456 288 1496 ejusdem
312 1456 379 1486 loco
401 1456 569 1486 ordinatus
587 1461 635 1485 est
655 1456 818 1485 Antheros
843 1465 873 1484 x1
895 1455 960 1485 kal.
984 1455 1111 1485 decem-

143 1509 222 1541 bris.
240 1509 341 1545 Quem
361 1509 720 1539 videlicet'Pontianum
744 1509 853 1539 beatus
877 1509 1037 1538 Fabianus
1053 1509 1110 1538 ad-

145 1563 235 1593 duxit
255 1572 328 1593 cum
346 1563 469 1592 clericis
487 1572 541 1601 per
557 1572 671 1592 navem
690 1566 719 1592 et
735 1562 883 1601 sepelivit
899 1562 933 1591 in
954 1562 1112 1592 cimiterio

144 1616 258 1646 Calixti
272 1616 322 1645 via
339 1616 430 1654 Apia.

185 1669 366 1699 Anttierius
397 1674 484 1707 gesta
515 1672 696 1708 martyrum
731 1668 904 1706 diligenter
931 1677 948 1697 a
978 1669 1111 1699 notariis

144 1723 318 1761 exquisivit
335 1727 366 1752 et
387 1723 419 1751 iu
447 1721 579 1752 ecclesia
605 1721 784 1751 recondidit
804 1724 930 1759 propter
950 1721 1111 1760 quendam

145 1776 380 1810 Maximianum
404 1775 616 1813 presbiterum
638 1774 695 1813 qui
719 1774 831 1803 martir
856 1779 1026 1804 coronatus
1053 1778 1110 1804 est.

146 1829 208 1859 Hic
228 1829 302 1857 fecit
318 1837 418 1857 unum
441 1828 626 1866 episcopum
643 1827 676 1856 in
694 1827 822 1856 civitate
838 1826 960 1856 Fundis
975 1827 1110 1866 Campa-

145 1882 199 1911 nie
223 1891 277 1919 per
303 1890 447 1910 mensem
474 1880 664 1910 decembris.
693 1880 753 1909 Hic
776 1880 834 1909 sub
857 1880 1053 1910 Maximiano
1079 1890 1112 1909 111

145 1942 221 1964 non.
236 1934 378 1973 januarii
397 1933 510 1962 martir
528 1938 696 1962 coronatus
713 1937 770 1962 est.

187 1988 348 2017 Fabianus
378 1987 485 2016 divisit
519 1986 694 2024 [re]giones
716 1987 724 2007 ¹
758 1986 947 2016 diaconibus
979 1990 1008 2016 et
1040 1987 1115 2016 fecit

146 2041 299 2070 diaconos
315 2049 357 2068 vu
378 2039 433 2078 qui
451 2049 495 2069 vn
519 2039 654 2069 notariis
671 2043 844 2077 preessent,
870 2043 903 2068 ut
925 2043 1011 2077 gesta
1033 2049 1115 2069 mar-

148 2094 244 2123 tirum
263 2094 295 2122 in
310 2094 434 2130 integro
451 2097 481 2122 et
498 2092 634 2122 fideliter
649 2091 849 2129 colligerent.
868 2093 928 2121 Hic
946 2092 1017 2121 fecit
1033 2093 1116 2122 ordi-

147 2146 294 2175 nationes
312 2155 331 2174 v
358 2155 411 2184 per
434 2153 578 2174 mensem
602 2144 798 2179 decembris,
820 2145 1021 2183 presbyteros
1039 2154 1115 2181 xxn,

148 2198 300 2228 diaconos
323 2207 378 2232 vn,
403 2198 567 2236 episcopos
589 2207 643 2236 per
668 2197 795 2226 diversa
820 2198 887 2227 loca
913 2206 1050 2227 numero
1074 2207 1116 2228 xi.

149 2253 211 2282 Hic
244 2261 296 2281 xtu
334 2251 398 2280 kat.
432 2250 586 2280 februarii
621 2251 680 2280 sub
711 2251 803 2280 Detio
838 2251 951 2280 martir
989 2251 1118 2280 effectus

150 2309 207 2336 est.

189 2357 359 2388 Cornelius
375 2362 447 2386 autc
466 2357 644 2395 passionem
662 2365 752 2386 suam
770 2356 878 2385 omnia
900 2356 1032 2385 ecclesie
1057 2361 1119 2385 tra-

151 2411 231 2441 didit
248 2410 410 2449 Stephauo
429 2410 563 2439 diacono
585 2419 653 2439 suo.
677 2409 739 2439 Hic
763 2409 837 2439 secit
858 2409 1076 2439 ordinationes
1098 2419 1118 2439 11

151 2474 205 2503 per
221 2472 364 2493 mensem
382 2462 573 2497 decembris,
592 2462 794 2501 presbyteros
811 2472 870 2499 ιιιι,
887 2462 1049 2500 episcopos
1065 2472 1120 2500 per

151 2517 278 2546 diversa
305 2515 372 2545 loca
400 2523 536 2544 numero
561 2524 616 2545 vn.
644 2515 703 2544 Hic
727 2524 802 2544 xvin
831 2514 894 2543 kal.
923 2515 1027 2544 octub.
1061 2515 1120 2545 sub

151 2569 243 2599 Detio
263 2568 375 2597 martir
392 2568 520 2597 effectus
540 2571 596 2597 est.

191 2622 307 2651 Lutius
324 2621 397 2649 fecit
409 2620 630 2650 ordinationes
649 2629 682 2649 ιιι
699 2629 754 2658 per
771 2629 916 2650 mensem
929 2620 1118 2656 decembris,

155 2675 358 2713 presbyteros
389 2682 446 2710 ιιιι,
471 2673 621 2702 diaconos
644 2682 702 2708 1111,
727 2673 891 2711 episcopos
918 2682 972 2711 per
995 2673 1121 2702 diversa

154 2727 221 2757 loca
239 2734 374 2756 numero
392 2735 468 2755 xv11.
494 2725 553 2755 Hic
576 2725 717 2764 precepit
741 2729 773 2754 ut
794 2735 814 2754 ιι
836 2726 1014 2764 presbyteri
1036 2731 1066 2755 et
1088 2736 1121 2755 ιιι

153 2780 281 2809 diaconi
298 2779 330 2807 in
347 2779 435 2808 omni
458 2777 524 2807 loco
546 2786 610 2807 non
633 2778 815 2807 desererent
837 2782 964 2816 propter
983 2779 1121 2808 testimo-

155 2833 246 2862 nium
262 2831 525 2861 ecclesiasticum.
544 2830 605 2860 Hic
617 2830 675 2859 sul)
688 2830 862 2859 Valeriano
879 2834 908 2859 et
923 2829 1058 2860 Galieno
1074 2840 1122 2860 ca-

147 2997 169 3020 1.
187 2998 250 3020 Cod.
269 2996 404 3026 digioncs.

1233 397 1294 434 pite
1308 400 1472 426 truncatus
1488 402 1533 427 est
1551 407 1579 427 x1
1596 397 1658 427 kal.
1675 400 1874 437 septembris.
1895 401 1959 437 Qui
1976 401 2070 431 etiam
2089 402 2197 442 sepul—

1234 452 1283 477 tus
1300 452 1346 478 est
1362 449 1393 477 in
1412 450 1570 480 cimiterio
1586 450 1699 480 Calixti
1717 452 1766 481 via
1784 453 1874 491 Apia.

1273 500 1456 539 Stephanus
1467 503 1631 532 constituit
1648 508 1681 533 ut
1697 505 1884 535 vestimenta
1899 506 2113 538 ecclesiastica
2124 508 2198 547 qui—

1233 553 1292 583 bus
1319 555 1383 584 Deo
1409 556 1610 585 ministratur
1636 566 1723 587 sacra
1750 559 1813 587 sint
1836 564 1864 588 et
1894 560 2042 598 honesta,
2073 562 2193 600 quibus

1232 607 1304 636 aliis
1331 608 1440 637 usibus
1469 618 1562 638 nemo
1587 610 1679 640 debet
1705 611 1822 649 perfrui
1843 622 1937 650 quam
1958 613 2193 646 ecclesiasticis.

1234 660 1294 689 Hic
1322 660 1395 689 fecit
1429 662 1646 692 ordinationes
1678 673 1698 692 ιι
1729 673 1783 701 per
1813 673 1957 694 mensem
1995 666 2194 704 decembris,

1234 713 1438 751 presbyteros
1458 724 1498 751 vi,
1516 715 1664 745 diaconos
1683 726 1711 751 v,
1735 717 1896 755 episcopos.
1918 728 1970 756 per
1986 718 2109 749 diversa
2126 719 2196 750 loca

1234 775 1369 795 numero
1387 776 1430 796 111.
1450 767 1511 797 Hic
1527 768 1585 797 sub
1597 769 1768 799 Valeriano
1784 774 1813 799 ot
1828 770 1993 801 Gallicano
2009 775 2038 802 et
2055 772 2196 802 Maximo

1234 819 1447 848 martirizatus
1470 825 1526 850 est.
1551 821 1611 856 Qui
1635 822 1728 851 eti-:im
1751 823 1893 861 sepultus
1910 829 1955 853 est
1979 825 2011 853 in
2034 825 2194 855 cimiterio

1233 870 1345 901 Calixti
1366 873 1415 901 via
1434 874 1513 911 Apia
1528 883 1571 902 ιιιι
1593 883 1668 903 ιιοιι.
1689 876 1827 912 augusti.

1274 925 1382 955 Sixtus
1400 926 1431 955 lt
1454 927 1526 956 fecit
1544 928 1759 957 ordinationes
1781 939 1800 957 ιι
1823 938 1876 967 per
1898 939 2041 959 mensem
2065 931 2195 960 decem-

1235 978 1316 1013 bris,
1344 979 1547 1017 presbyteros
1570 988 1627 1015 1111,
1651 980 1798 1010 diaconos
1819 991 1872 1015 vn,
1892 983 2051 1020 episcopos
2073 992 2128 1021 per
2148 983 2198 1013 di-

1235 1039 1324 1060 versa
1344 1030 1410 1060 loca
1428 1041 1562 1062 numero
1577 1042 1610 1061 ιι.
1631 1033 1689 1061 Hic
1706 1034 1764 1062 snt)
1782 1034 1877 1064 Decio
1894 1035 2082 1073 imperatore
2095 1037 2198 1075 capite

1235 1086 1400 1112 truncatus
1422 1088 1467 1112 est
1495 1094 1552 1113 vui
1579 1084 1652 1114 idus
1677 1086 1816 1122 augusti.
1845 1089 1905 1122 Qui
1935 1088 2028 1117 ctiam
2054 1088 2198 1127 sepultus

1235 1136 1326 1165 estin
1344 1136 1504 1166 cimiterio
1520 1137 1635 1166 Calixti
1653 1139 1702 1166 via
1721 1139 1814 1177 Apia.

1276 1189 1442 1218 Dionisius
1459 1189 1661 1228 presbyteros
1678 1190 1711 1218 in
1729 1191 1805 1220 urbe
1822 1192 1922 1221 Roma
1944 1193 1976 1221 in
1999 1193 2099 1224 titulis
2123 1203 2197 1224 con-

1236 1241 1338 1271 stituit
1360 1241 1505 1279 singulos
1529 1242 1563 1270 in
1590 1242 1726 1280 singulis
1751 1248 1875 1281 propter
1898 1246 2074 1283 penitentes
2100 1248 2199 1277 susci-

1234 1294 1367 1332 piendos
1395 1298 1423 1323 et
1440 1299 1565 1332 propter
1586 1294 1753 1332 baptisma.
1773 1296 1832 1324 IIic
1853 1296 1925 1325 [ecit
1941 1297 2157 1328 ordinationes
2177 1309 2198 1328 11

1235 1355 1290 1384 per
1312 1355 1456 1376 mensem
1473 1346 1662 1383 decembris,
1685 1348 1886 1386 presbyteros
1909 1359 1961 1385 xu,
1979 1350 2129 1381 diaconos
2143 1361 2198 1389 vn,

1235 1400 1398 1438 episcopos
1416 1409 1468 1438 per
1491 1400 1615 1429 diversa
1638 1400 1705 1430 loca
1723 1410 1857 1430 numero
1882 1412 1949 1431 vui.
1974 1403 2031 1432 Hic
2057 1405 2201 1434 martirio

1234 1453 1295 1482 sub
1311 1452 1448 1482 Claudio
1465 1456 1494 1481 et
1511 1453 1648 1482 Paterno
1664 1453 1761 1482 vitam
1779 1454 1885 1483 finivit
1906 1465 1934 1483 vi
1959 1455 2021 1484 liat.
2043 1456 2199 1494 januarii.

1234 1506 1298 1541 Qui
1314 1507 1408 1535 etiam
1429 1505 1572 1543 sepultus
1594 1510 1640 1535 est
1658 1507 1691 1535 in
1715 1507 1873 1536 cimiterio
1895 1507 2010 1538 Calixti
2035 1509 2084 1538 via
2107 1511 2199 1548 Apia.

1274 1558 1361 1588 Felix
1381 1559 1546 1588 constituit
1568 1567 1663 1597 super
1686 1560 1873 1589 memoriam
1895 1562 2062 1591 martirum
2086 1563 2202 1593 missas

1234 1612 1400 1642 celebrari.
1420 1612 1481 1641 Hic
1501 1612 1573 1641 fecit
1595 1612 1760 1642 basilicam
1780 1613 1814 1642 in
1835 1614 1885 1643 via
1902 1615 2019 1645 Aurea.
2048 1616 2107 1645 Hic
2126 1616 2202 1646 fecit

1233 1664 1453 1694 Ordinationes
1485 1674 1505 1693 11
1540 1673 1595 1702 per
1631 1674 1773 1694 mensem
1807 1666 2003 1702 decembris,
2035 1668 2200 1707 presbyte-

1234 1725 1286 1746 ros
1309 1727 1378 1753 vni,
1401 1717 1552 1746 diaconos
1577 1727 1607 1753 v,
1633 1718 1794 1756 episcopos
1818 1727 1872 1756 per
1894 1719 2020 1749 diversa
2047 1720 2111 1750 loca
2137 1730 2200 1751 nu-

1235 1779 1322 1800 mero
1344 1780 1372 1799 v.
1396 1770 1457 1799 Hic
1482 1770 1541 1799 sub
1562 1769 1699 1800 Claudio
1721 1771 1867 1810 principe
1896 1773 2008 1802 martir
2029 1779 2201 1804 coronatus

1235 1828 1342 1853 estun
1359 1823 1423 1852 kal.
1446 1823 1532 1861 junii
1547 1828 1577 1852 et
1595 1823 1737 1862 sepultus
1756 1828 1802 1853 est
1821 1825 1852 1853 in
1872 1825 2052 1863 supradicta
2068 1826 2202 1857 basilica

1235 1885 1331 1915 quam
1349 1876 1415 1914 ipse
1428 1876 1512 1906 fecit.

1278 1929 1465 1958 Euticianus
1493 1929 1659 1958 constituit
1686 1930 1793 1967 fruges
1823 1939 1917 1968 super
1946 1931 2043 1961 altare
2078 1937 2202 1963 tantum

1238 1981 1324 2011 sabas
1343 1987 1372 2010 et
1397 1991 1473 2011 uvas
1497 1981 1656 2011 benedici.
1688 1982 1746 2017 Hic
1771 1984 1964 2020 temporibus
1988 1986 2054 2014 suis
2075 1994 2131 2023 per
2153 1985 2204 2015 di-

1238 2044 1329 2064 versa
1347 2034 1415 2064 loca
1432 2038 1518 2064 ccc¹⁰⁵
1541 2038 1603 2063 xi}a
1620 2042 1666 2063 ιι05
1684 2037 1830 2064 martires
1851 2045 1948 2066 manu
1968 2046 2025 2066 sua
2044 2037 2202 2076 sepelivit.

1239 2088 1300 2117 Hic
1331 2088 1404 2117 fecit
1430 2088 1667 2117 ordinationem
1702 2097 1711 2116 1
1740 2097 1795 2126 per
1827 2098 1973 2118 mensem
2006 2090 2203 2127 decembris,

1239 2141 1441 2179 presbyteros
1470 2150 1549 2176 xiiii,
1576 2141 1727 2170 diaconos
1754 2151 1783 2175 v,
1813 2142 1974 2180 episcopos
1999 2152 2055 2181 per
2079 2144 2206 2174 diversa

1240 2194 1307 2223 loca
1331 2202 1465 2223 numero
1488 2203 1528 2222 tx.
1552 2194 1613 2222 Hic
1630 2194 1710 2222 obiit
1737 2203 1765 2222 xi
1785 2193 1849 2222 kal.
1867 2196 2013 2232 augusti3
2032 2198 2086 2235 qui
2107 2197 2203 2227 ettam

1241 2246 1383 2284 sepultus
1399 2246 1494 2275 estin
1513 2246 1671 2275 cimiterio
1687 2246 1805 2276 Calixti
1824 2247 1874 2276 via
1892 2249 1984 2286 Apia.

1281 2299 1402 2328 Guaius
1418 2299 1585 2328 constituit
1602 2303 1636 2327 ut
1658 2308 1713 2337 per
1729 2308 1840 2328 omnes
1858 2300 1975 2337 gradus
1991 2301 2132 2339 primum
2152 2311 2203 2332 as-

1241 2352 1391 2382 cenderet
1415 2352 1442 2380 si
1466 2353 1537 2390 quis
1560 2351 1727 2390 episcopus
1750 2352 1819 2381 fieri
1840 2358 2026 2383 mereretur.
2053 2355 2112 2384 Hic
2134 2356 2208 2385 fecit

1241 2405 1461 2435 ordinationes
1486 2414 1531 2433 ιιιι
1559 2414 1612 2443 per
1635 2413 1777 2443 mensem
1801 2405 1987 2443 decembris,
2006 2408 2207 2446 presbyteros

1242 2467 1311 2494 xxv,
1327 2457 1476 2487 diaconos·
1489 2467 1557 2493 vm,
1570 2457 1733 2495 episcopos
1747 2467 1800 2495 per
1812 2457 1937 2487 diversa
1949 2458 2016 2487 loca
2029 2468 2164 2490 numero
2173 2471 2205 2490 v.

1242 2511 1304 2540 Hic
1332 2511 1391 2540 sub
1423 2510 1616 2540 Dioclitiano
1645 2511 1789 2548 principe
1819 2511 1932 2539 martir
1961 2517 2128 2542 coronatus
2159 2517 2207 2543 est

1242 2573 1259 2592 x
1292 2563 1355 2592 kal.
1387 2563 1498 2592 madii.
1529 2563 1591 2598 Qui
1616 2563 1711 2591 etiam
1741 2562 1884 2601 sepultus
1911 2567 1957 2592 est
1984 2563 2016 2592 in
2045 2565 2206 2596 cimiterio

1243 2615 1360 2645 Calixti
1378 2616 1427 2644 via
1447 2615 1540 2653 Apia.

1284 2667 1466 2696 Marcellini
1485 2671 1589 2696 autern
1608 2672 1747 2705 tempore
1765 2666 1823 2695 suit
1844 2671 1904 2695 tam
1926 2676 2042 2705 magna
2059 2677 2209 2707 porsecu-

1245 2721 1286 2750 tio
1310 2725 1345 2749 ιιι
1366 2720 1451 2749 infra
1473 2729 1531 2748 xxx
1554 2719 1621 2748 dies
1646 2729 1709 2747 xvn
1735 2719 1824 2748 milia
1849 2719 2018 2749 hominum
2036 2723 2211 2759 promiscui

1245 2782 1337 2802 sexus
1362 2782 1414 2810 per
1435 2772 1579 2801 diversas
1608 2771 1782 2809 provintias
1806 2772 1952 2802 martirio
1977 2780 2210 2805 coronarentur

1245 2824 1427 2854 christiani.
1446 2825 1508 2853 Pro
1531 2833 1592 2862 qua
1611 2833 1643 2853 re
1661 2829 1691 2853 et
1714 2825 1781 2862 ipse
1808 2825 2013 2855 Marcellinus
2031 2826 2071 2856 ad
2089 2828 2209 2858 sacrifi-

1246 2877 1384 2907 candum
1396 2877 1511 2906 ductus
1523 2882 1570 2906 est
1584 2881 1616 2906 ut
1630 2877 1830 2913 turrificaret,
1847 2878 1931 2915 quod
1947 2879 2077 2916 etfecit;
2097 2885 2127 2910 et
2141 2886 2214 2919 post

1247 2938 1364 2969 paucos
1384 2930 1451 2959 dies
1473 2929 1650 2967 penitentia
1673 2929 1788 2959 ductus
1812 2938 1829 2958 a
1853 2930 2051 2961 Diocliciauo
2072 2942 2129 2971 pro
2149 2934 2214 2964 fide

1248 2982 1369 3012 Christi
1398 2983 1499 3021 capite
1527 2987 1691 3012 truncatus
1713 2987 1769 3011 est.
1798 2982 1898 3021 Cujus
1919 2992 2032 3022 corpus
2051 2985 2154 3023 jacuit
2175 2987 2213 3016 iu
