2434 3530
661 336 712 366 LE
735 335 882 366 LIBER
905 331 1139 363 CENSUUM
1164 331 1218 360 DE
1242 322 1428 360 L’EGLISE
1451 330 1662 360 ROMAINE.
2158 326 2209 355 ‘291

150 412 253 436 sancte
267 406 431 439 Johmmes,
451 408 553 433 sancte
571 404 669 439 Pctre,
695 407 797 432 sancte
822 402 924 434 Paule,
946 405 1047 428 sancte
1063 400 1124 427 An-

150 461 235 494 drea,
253 464 356 488 sancte
377 458 540 495 Stephane,
557 461 660 485 sancte
680 456 836 489 Laurenti,
854 459 955 483 sancte
978 451 1122 485 Vincenti,

151 518 253 542 sancte
268 511 421 546 silvester,
439 515 542 539 sancte
560 510 626 544 Leo,
643 514 744 538 sancte
761 507 898 544 Greyori,
915 510 1014 534 sancte
1035 504 1123 532 Bene-

153 566 242 601 dicte,
265 570 369 593 sancte
392 564 497 598 Basili,
522 567 624 591 sancte
643 561 737 597 Saba,
758 564 859 589 sancta
884 561 998 595 Assnes,
1020 562 1125 585 sancta

154 617 276 653 Cecilia,
299 622 404 646 sancta
431 617 532 645 Lucia.
558 615 616 644 His
639 613 739 642 finitis
756 611 1005 641 archidiaconus
1021 609 1124 639 dicit:

153 672 354 706 Kt1·1·eletsnn,·
368 668 534 699 scriniarii
547 664 916 705 respondentsimiliter:
933 664 1125 692 Kirieleison.

155 725 278 754 lterum
295 722 498 752 archidiacon
506 729 542 750 us
557 720 636 749 dicit
651 731 656 748 ε
671 719 849 748 Kirieleison
860 729 870 753 ;
888 716 1047 745 scriniarii
1066 724 1128 744 res-

159 777 300 816 pondent
319 785 325 804 :
347 776 537 804 Kirielesson.
562 772 668 802 Tertio
691 779 765 800 vero
786 770 1032 799 archidiaconus
1054 777 1126 797 cum

158 830 360 865 diaconibus,
378 826 630 857 subdiaconibus
644 829 675 854 et
689 824 868 853 scriniariis
885 832 947 852 nna
963 832 1036 851 voce
1051 821 1129 851 dicit

158 883 337 913 Kirieleison
355 890 378 910 ει.
410 879 526 909 Finitis
556 878 724 913 laudibus,
758 877 876 914 legitur
911 876 999 913 prins
1029 874 1129 903 latina

157 935 312 974 epistola,
345 939 375 963 et
401 932 602 971 postmodum
633 940 725 969 greca
755 939 851 968 super
882 930 1056 967 pulpitum,
1084 928 1129 957 sic

157 989 251 1017 etiam
271 988 388 1024 legitur
404 985 610 1023 evangelium
630 985 768 1014 latinum
789 988 817 1013 et
835 993 977 1021 grecum.
1001 982 1130 1020 Expleta

157 1049 234 1071 vero
251 1041 346 1069 missa
359 1063 366 1074 ‚
384 1040 524 1068 domnus
541 1047 619 1077 papa
636 1042 808 1068 coronatur
825 1037 863 1066 ad
884 1040 1004 1075 portam
1026 1035 1130 1073 ipsius

115 1114 117 1116 -
159 1093 294 1124 ecclesie
311 1093 350 1122 ab
365 1092 593 1122 archidiacono
613 1099 687 1120 cum
707 1099 771 1120 uuo
787 1089 938 1125 diacono,
959 1089 1104 1126 reditque
1117 1088 1131 1108 b

157 1156 232 1178 cnm
251 1146 450 1186 processione
467 1146 504 1174 ad
523 1145 689 1183 palatium.
704 1145 794 1173 Tunc
808 1143 934 1182 judices
946 1142 1131 1172 etadvocati

160 1200 298 1230 veniunt
323 1200 351 1228 ei
377 1199 505 1228 obviam
532 1198 591 1227 sub
615 1197 770 1235 gradibus
795 1197 828 1225 in
853 1196 992 1234 porticu,
1020 1195 1132 1233 ibique

161 1253 250 1292 prior
263 1251 459 1282 cardinatis2
472 1251 574 1280 sancti
587 1250 755 1280 Laurentii
769 1250 843 1279 soris
856 1259 984 1278 murum
999 1257 1072 1278 cum
1082 1249 1130 1286 ju-

160 1306 288 1335 dicibus
303 1310 332 1334 et
355 1305 518 1334 advocatis
538 1304 662 1333 faciunt
680 1305 707 1333 ei
728 1303 856 1338 laudes,
881 1307 910 1332 et
932 1303 974 1331 ibi
992 1302 1132 1331 domnus

163 1368 244 1397 papa
274 1358 461 1392 descendit,
493 1362 524 1386 et
555 1357 698 1395 deposito
726 1365 824 1394 reguo
848 1357 962 1394 accipit
990 1356 1132 1385 mitram.

163 1411 290 1442 Deinde
311 1411 437 1449 judices
470 1410 594 1440 ducunt
621 1419 694 1439 enm
716 1419 818 1447 nsque
843 1409 882 1438 ad
908 1408 1012 1438 locum
1038 1408 1132 1438 illum

165 1465 220 1495 ubi
236 1465 329 1494 datur
348 1464 597 1503 presbyterium.
620 1463 711 1493 Tunc
733 1472 807 1492 vero
825 1468 947 1491 exuunt
967 1472 1040 1491 enm
1065 1461 1134 1500 pla-

163 1522 249 1553 neta,
267 1523 297 1546 et
312 1518 455 1555 apposito
472 1521 581 1546 manto
596 1525 692 1554 super
705 1515 850 1553 scapulas
867 1515 953 1544 sedet
969 1515 1002 1543 in
1022 1517 1136 1544 t'onste-

166 1572 245 1601 torio
261 1580 315 1599 seu
335 1570 499 1605 cathedra,
522 1573 552 1598 et
574 1569 710 1607 largitur
724 1578 734 1592 e
754 1569 989 1607 presbyterium
1011 1569 1136 1598 cunctis

163 1624 338 1654 ordinibus
354 1623 481 1661 propria
495 1631 592 1652 manu
611 1622 726 1652 taliter.

327 1729 397 1768 [tr]
418 1730 569 1764 Quomodo
583 1730 678 1758 datur
693 1723 946 1766 presbytcrimffl.

208 1836 264 1875 [4].
285 1836 391 1866 Prioii
411 1836 513 1873 igitur
529 1836 750 1874 episcoporum
775 1835 920 1864 Romane
940 1835 1072 1864 ecclesie
1086 1834 1141 1863 dat.

167 1891 307 1920 domnus
329 1898 408 1928 papa
430 1889 630 1927 duplicatum
649 1889 902 1927 presbyterium,
921 1888 1041 1918 scilicet
1059 1897 1138 1926 qua-

170 1950 242 1974 tuor
265 1943 470 1982 melequinos
494 1947 524 1972 et
548 1946 686 1981 quatuor
707 1941 824 1972 solidos
851 1942 1057 1971 denariorum
1086 1951 1140 1980 pa-

167 1998 342 2038 piensium.
520 1989 523 1991 ’

209 2050 373 2081 Omnibus
391 2054 501 2080 autem
521 2049 594 2079 aliis
611 2049 769 2088 episcopis
787 2049 875 2078 curie
895 2049 977 2079 duos
995 2049 1142 2078 marabo-

171 2104 256 2133 tinos
271 2108 302 2133 et
319 2103 399 2133 duos
415 2103 534 2133 solidos
550 2103 760 2133 denariorum
773 2102 990 2141 papiensium,
1005 2102 1142 2139 singulis

169 2158 304 2188 scilicet.

211 2210 247 2239 Si
265 2210 346 2240 t'orte
365 2209 486 2247 aliquis
507 2209 768 2248 archiepiscopus
790 2214 961 2238 extraneus
982 2214 1055 2238 tuuc
1074 2218 1144 2247 pre—

170 2272 247 2293 sens
269 2263 382 2298 fuerit,
403 2271 458 2301 pro
480 2262 644 2292 voluntate
661 2262 774 2292 domni
791 2271 870 2300 pape
892 2262 986 2291 datur
1004 2262 1033 2291 ei
1056 2271 1141 2300 pres-

171 2316 354 2354 byterium3
372 2315 428 2344 sed
439 2315 478 2344 de
493 2315 618 2345 ratione
635 2319 759 2345 tantum
777 2315 894 2354 [debet]
913 2315 1143 2354 haberequan-

165 2519 191 2548 a)
202 2519 254 2545 η’,
266 2518 348 2546 Ανῑ,
362 2517 403 2540 η’
420 2519 530 2540 addunt
544 2519 574 2541 in
587 2520 728 2548 margine,
739 2519 812 2541 Av²
826 2521 855 2543 in
869 2523 944 2543 textu
956 2527 961 2547 ;
974 2527 1030 2543 om.
1040 2519 1144 2551 1‘:[.‘3].

133 2563 208 2588 Etin
225 2562 320 2586 eidem
336 2562 381 2585 die
395 2562 532 2585 adventus
544 2562 616 2585 idom
629 2563 747 2586 domnus
764 2571 834 2594 papa
845 2565 934 2594 pergit
951 2565 983 2587 ad
999 2566 1146 2588 stationem

133 2610 231 2631 sancto
252 2606 338 2629 Mai-ie
359 2605 480 2635 Maioris.
501 2606 532 2629 ln
552 2606 676 2630 secunda
695 2614 762 2630 vero
783 2608 921 2632 dominica
943 2608 1060 2632 domnus
1077 2617 1147 2639 papa

133 2651 212 2675 vadit
227 2651 259 2673 ad
277 2651 425 2673 stationem
441 2654 536 2673 sancte
557 2649 664 2674 Crucis.
683 2651 714 2674 In
732 2652 847 2675 sabbato
866 2652 900 2675 de
921 2655 1042 2676 Gaudete
1058 2654 1148 2683 pergit

134 2694 172 2718 ad
186 2701 318 2724 vesperas
335 2694 368 2716 ad
385 2697 510 2717 sanctum
529 2694 641 2717 Petrum
662 2695 709 2718 ubi
731 2695 849 2719 domnus
865 2703 935 2727 papa
951 2697 1039 2720 eidem
1054 2698 1148 2727 primi-

134 2739 212 2762 cerio
228 2737 420 2760 adnuntiando
437 2738 616 2768 antiphonam
633 2741 713 2762 Jusle
734 2742 757 2762 et
776 2741 823 2768 pie
842 2742 983 2769 vit-amus,
1000 2741 1047 2764 dat
1062 2748 1148 2764 unum

135 2782 342 2806 marabutinum
367 2782 428 2804 vice
455 2782 542 2811 ipsius
567 2782 725 2812 projiciens.
748 2783 801 2807 L’bi
823 2788 914 2807 autem
939 2784 1056 2807 domnus
1079 2792 1150 2815 papa

136 2825 220 2849 debet
233 2827 325 2855 jacere
341 2828 367 2849 et
383 2826 485 2856 vigiliis
502 2827 646 2856 interesse,
661 2829 687 2850 et
700 2827 792 2850 omnia
806 2828 859 2851 alia
874 2829 911 2851 ibi
928 2829 993 2851 facit
1009 2832 1034 2851 et
1051 2830 1150 2859 recipit

136 2877 200 2893 cum
217 2870 368 2892 camerario
384 2874 411 2892 et
429 2870 594 2893 cancellario
617 2871 689 2894 sicut
711 2871 828 2894 inferius
845 2871 948 2895 dictum
965 2876 1005 2895 est
1026 2873 1053 2895 in
1070 2873 1150 2895 dedi-

137 2914 248 2937 catione
265 2915 359 2937 Sancti
378 2914 451 2936 Petri
469 2917 495 2936 ct
514 2914 591 2937 Pauli
608 2918 634 2938 et
651 2915 816 2944 quibusdam
832 2916 893 2940 aliis
911 2917 1118 2941 festivitatibus.

171 2959 197 2986 b)
216 2960 280 2982 Con,
302 2958 403 2981 reddit.

171 3003 195 3031 c)
213 3004 276 3025 Covt.
295 3003 403 3032 tegitur.

1248 401 1315 426 tum
1335 406 1429 434 supra
1447 396 1550 426 dictus
1575 395 1661 435 prior
1682 395 1922 434 episcoporum,
1940 399 2076 433 quatuor
2095 393 2215 423 scilicet

1249 449 1463 487 melequinos.
1482 454 1510 478 et
1527 449 1655 478 totidem
1674 447 1803 478 solidos.

1288 502 1320 531 Si
1347 510 1420 531 vero
1443 501 1564 539 aliquis
1592 502 1757 538 episcopus
1783 505 1952 529 extraneus
1979 499 2086 535 suerit,
2112 507 2214 527 unum

1249 555 1470 593 melequinum
1494 554 1587 583 debet
1611 554 1728 583 habere
1753 559 1781 582 et
1802 553 1970 582 duodes-izn
1993 552 2143 582 denarios
2161 560 2215 590 pa—

1248 608 1387 646 pienses.

1291 660 1394 689 l‘riori
1415 660 1675 698 presbyterorum
1691 659 1904 688 cardinalium
1919 659 1971 687 dat
1983 658 2122 688 domnus
2139 666 2217 696 papa

1250 713 1334 743 dnos
1351 713 1554 751 melequinos
1573 718 1602 741 et
1620 713 1746 742 totidem
1765 712 1952 753 solidos-pro
1973 712 2120 749 prioratu.

1292 767 1396 795 Priori
1424 766 1682 804 presbyterorum
1711 765 1818 794 Sancti
1846 764 2009 793 Laurentii
2038 764 2114 792 soris
2143 773 2215 791 mu·

1252 828 1323 848 rum
1347 828 1400 857 pro
1419 819 1512 847 laude
1537 819 1616 847 dnos
1639 818 1789 846 similiter
1810 817 2011 854 melequinos
2037 822 2065 845 et
2087 815 2217 845 totidem

1252 872 1379 902 solidos.

1292 925 1454 955 Omnibus
1479 929 1508 953 et
1526 923 1665 961 singulis
1691 923 1764 952 alus
1787 923 1980 960 presbyteris
2001 922 2221 951 cardinalibus

1256 987 1359 1007 unum
1376 977 1598 1015 melequinum
1614 982 1643 1005 et
1657 976 1824 1005 duodecim
1841 975 1987 1003 denarios
2002 975 2179 1012 papienses.

1295 1031 1396 1060 Priori
1415 1035 1520 1059 autem
1539 1030 1746 1059 diaconorum
1765 1028 1980 1057 cardinalium
2000 1032 2135 1065 quatuor
2155 1036 2221 1056 me-

1253 1084 1403 1120 lequinos
1423 1088 1451 1112 et
1476 1083 1604 1112 totidem
1627 1082 1744 1111 solidos
1770 1090 1824 1119 pro
1850 1081 2006 1118 prioratu,
2027 1079 2222 1118 presbyterio

1255 1142 1285 1166 et
1301 1136 1395 1165 lande
1411 1136 1620 1165 diaconorum
1639 1141 1668 1163 et
1684 1134 1970 1163 subdiaconorum.

1294 1189 1454 1219 Omnibus
1477 1188 1548 1217 aliis
1570 1188 1759 1217 diaconibus
1782 1192 1811 1216 et
1836 1186 1973 1223 singulis
2000 1195 2101 1215 unum
2128 1185 2223 1214 mele-

1255 1243 1393 1281 quinum
1411 1247 1441 1271 et
1457 1241 1625 1270 duodecim
1643 1241 1790 1270 denarios
1811 1240 1988 1277 papienses.

1298 1296 1439 1324 Diacouo
1469 1302 1562 1332 greco
1598 1302 1700 1322 unum
1734 1292 1957 1330 melequinum
1990 1295 2019 1320 et
2055 1290 2224 1320 duodecim

1256 1348 1406 1378 denarios
1424 1347 1605 1386 papienses.

1297 1401 1330 1430 Si
1348 1401 1426 1430 sorte
1440 1399 1558 1438 aliquis
1574 1399 1670 1427 abbas
1690 1398 1838 1426 mitratus
1859 1406 1988 1434 presens
2008 1397 2116 1431 suerit,
2134 1396 2227 1425 datur

1258 1455 1285 1484 ei
1299 1462 1402 1483 unum
1418 1452 1641 1491 melequinum
1656 1456 1685 1480 et
1699 1451 1867 1480 duodecim
1883 1451 2033 1479 denarios
2048 1450 2226 1488 papienses.

1299 1506 1490 1536 Primicerio
1508 1510 1615 1534 autem
1633 1505 1725 1533 datur
1743 1513 1845 1533 unnzn
1864 1503 2086 1541 melequinum
2104 1508 2133 1531 et
2149 1503 2228 1531 duo-

1258 1560 1364 1590 decim
1380 1559 1531 1588 denarios
1549 1558 1730 1596 papienses.

1301 1612 1403 1642 Priori
1423 1611 1692 1641 subdiaconorum
1712 1619 1811 1639 uuum
1831 1610 2068 1648 melequinum.

1300 1666 1461 1697 Omnibus
1473 1665 1547 1694 aliis
1561 1665 1812 1694 subdiaconibus
1829 1663 1940 1699 simul,
1954 1664 1979 1691 si
1993 1664 2086 1692 etiam
2099 1667 2229 1692 centnm

1260 1726 1367 1749 essent
1385 1718 1432 1748 vel
1451 1719 1596 1756 quinque
1613 1718 1659 1746 vel
1677 1717 1817 1755 pinsant
1835 1717 1959 1751 miuus,
1977 1716 2143 1745 duodecim
2164 1724 2230 1744 me-

1261 1774 1423 1811 lequinos.

1302 1826 1507 1855 Subdiacono
1523 1822 1736 1862 greco‘nuum
1753 1822 1989 1860 melequinum.

1304 1879 1491 1916 Unicuique
1510 1877 1594 1906 scole
1609 1881 1776 1906 cantorum
1796 1885 1895 1904 unum
1915 1875 2148 1913 melequinum.

1306 1931 1490 1968 Unicuique
1509 1929 1592 1959 scole
1608 1929 1736 1963 Crucis,
1755 1928 1898 1966 quiesse
1914 1928 2031 1956 debent
2048 1927 2086 1956 de
2104 1928 2176 1964 jure
2193 1926 2232 1955 ad

1264 1986 1336 2024 plus
1353 1989 1490 2023 quatuor
1502 1988 1532 2012 et
1551 1991 1614 2012 non
1630 1982 1748 2020 plures,
1764 1981 1851 2019 prior
1868 1980 2141 2018 presbyterorum,
2161 1989 2232 2017 cap-

1265 2039 1467 2078 pellanorum
1489 2037 1580 2071 duos,
1599 2041 1629 2064 et
1650 2044 1713 2064 non
1731 2034 1851 2073 plures,
1872 2043 1974 2063 unum
1996 2033 2232 2071 melequinum.

1307 2092 1496 2129 Unicuique
1518 2089 1757 2128 capellanorum
1779 2088 1889 2117 domni
1915 2096 1993 2125 pape
2013 2095 2114 2116 unum
2137 2086 2233 2114 mele-

1267 2147 1418 2186 quinum.

1307 2200 1450 2229 Pretecto
1474 2198 1560 2227 urbis
1582 2206 1620 2226 xi.
1641 2196 1758 2226 solidos
1781 2195 1988 2224 denariorum
2014 2193 2236 2232 papiensium3

1266 2255 1323 2293 qui
1340 2251 1487 2282 videlicet
1504 2251 1660 2289 prefectus
1681 2249 1720 2278 ab
1741 2248 1875 2278 ecclesia
1895 2250 2002 2276 sancte
2021 2247 2121 2275 Marie
2139 2254 2238 2283 usque

1267 2307 1306 2336 ad
1327 2306 1478 2344 palatium
1497 2305 1630 2333 indutus
1649 2308 1757 2332 manto
1773 2302 1911 2340 pretioso
1927 2305 1956 2330 et
1973 2300 2126 2330 calciatus
2142 2307 2238 2328 zanca

1268 2370 1333 2391 una
1355 2369 1469 2390 aurea.
1491 2359 1522 2388 id
1545 2363 1591 2387 est
1614 2357 1733 2394 caliga,
1751 2356 1851 2385 altera
1871 2356 1986 2390 rubea,
2007 2354 2117 2383 eadem
2137 2353 2190 2382 die
2210 2357 2240 2381 et.

1267 2414 1406 2444 secunda
1429 2418 1459 2442 et
1477 2413 1574 2442 etiaim
1594 2412 1626 2440 in
1646 2411 1771 2440 duobus
1789 2409 1903 2438 diebus
1921 2408 2043 2437 Pascbe
2062 2412 2091 2436 et
2111 2406 2240 2445 quando

1268 2477 1347 2507 papa
1376 2467 1522 2504 eligitur,
1558 2466 1650 2503 juxta
1681 2464 1836 2493 domnum
1869 2470 1981 2500 papam
2016 2459 2240 2490 collateraliter

1269 2520 1360 2550 nullo
1378 2520 1481 2548 medio
1498 2517 1674 2556 equitando
1691 2516 1824 2545 incedit.

1309 2575 1502 2604 Senatorum
1520 2580 1593 2600 vero
1608 2570 1665 2608 qui
1684 2574 1760 2598 tunc
1777 2568 1849 2597 urbi
1866 2572 1998 2605 presunt
2016 2565 2171 2595 medietas
2187 2574 2239 2593 ac-

1269 2627 1353 2657 cedit
1376 2635 1430 2665 pro
1455 2624 1666 2663 presbyterio,
1687 2627 1716 2651 et
1736 2621 1774 2650 ad
1797 2619 2066 2650 commedendum
2087 2626 2159 2646 cum
2183 2617 2238 2646 do-

1270 2688 1347 2708 muo
1376 2687 1474 2716 papa;
1502 2686 1640 2715 quorum
1670 2675 1730 2703 uni
1758 2674 1897 2702 domnus
1928 2682 2006 2710 papa
2037 2670 2084 2699 vel
2116 2670 2242 2699 duobus

1272 2740 1326 2770 pro
1346 2732 1499 2760 omuibus
1521 2729 1594 2757 aliis
1618 2727 1870 2766 presbyterium,
1896 2734 1951 2762 pro
1975 2732 2171 2761 unoquoque
2193 2732 2240 2751 se-

1273 2791 1381 2814 natore
1397 2784 1519 2812 scilicet
1536 2790 1636 2811 unum
1655 2780 1888 2817 melequinum.

1315 2838 1373 2865 Dat
1395 2837 1533 2865 doninus
1557 2844 1634 2872 papa
1657 2833 1830 2870 unicuique
1851 2832 1997 2869 judicum
2028 2830 2118 2859 urbis
2139 2838 2240 2857 unum

1272 2890 1493 2927 melequinum
1509 2893 1538 2916 et
1553 2888 1579 2916 Il
1595 2886 1712 2916 solidos
1726 2886 1799 2914 deu.
1815 2884 1971 2922 papiens,
1985 2887 2111 2920 excepto
2126 2882 2240 2919 priore,

1273 2943 1329 2982 qui
1350 2943 1443 2971 debet
1465 2942 1581 2969 habete
1606 2948 1707 2969 unum
1731 2938 1953 2976 melequinum
1977 2937 2058 2965 ultra
2080 2944 2134 2974 pro
2159 2935 2242 2972 prio-

1275 3003 1357 3030 ratu,
1373 3001 1403 3025 et
1420 3004 1520 3024 uuum
1540 2994 1761 3032 melequinum
1782 3000 1835 3029 pro
1853 2991 1959 3020 laude.
