2434 3530
645 342 693 370 LE
718 341 861 370 LIBER
885 337 1119 369 CENSUUM
1143 337 1197 367 DE
1222 331 1407 366 L’EGLISE
1432 336 1639 366 ROMAINE.

134 418 189 449 pro
209 409 325 448 palatio
344 407 570 443 custodiendo,
591 407 707 436 debent
724 406 832 435 venire
848 405 958 434 vocati.
980 404 1100 434 Omnes

134 463 267 501 insuper
291 462 410 492 domno
442 470 520 499 pape
548 460 664 490 debent
688 461 814 498 jurare,
844 462 936 497 prout
964 457 1101 486 inferius

134 515 264 554 plenius
286 514 495 544 describetur.
520 513 594 542 Istis
618 515 722 542 autem
748 510 943 541 camerarius
965 509 997 538 111
1023 508 1102 538 sesto

135 568 235 597 Pasce
252 576 348 597 unam
367 566 522 605 pecudem
541 565 632 595 debet
654 564 748 599 dare,
772 567 801 593 et
824 563 857 592 in
882 563 960 592 festo
975 561 1100 591 Nativi-

138 621 209 650 tatis
224 620 356 650 Domini
372 623 568 658 porcastrum
587 626 700 647 unum.
720 616 907 647 Notandum
926 623 1001 644 vero
1018 614 1101 652 quod

136 673 198 712 ipsi
228 673 344 702 debent
372 673 474 701 facere
500 680 612 701 omnes
638 670 758 708 palmas
785 669 941 699 olivarum
969 676 1046 706 quas
1069 667 1101 696 in

136 726 300 756 dominica
310 725 496 754 Palmarnm
511 724 648 753 domnus
661 731 740 760 papa
754 721 806 750 dat
820 720 933 759 populo
944 721 1102 757 Romano,

137 783 166 809 et
191 779 308 808 debent
335 781 461 816 portare
485 777 517 805 in
545 775 660 814 palatio
687 779 761 804 ante
786 783 961 809 cameram,
983 778 1011 803 et
1038 778 1104 812 post

136 831 290 861 domnum
308 838 421 868 papam
439 837 540 867 usqne
560 828 598 857 ad
616 827 795 857 ecclesiam.
821 827 995 857 Sciendum
1016 836 1101 862 vero,

136 883 218 922 quod
241 882 369 920 quando
387 882 526 912 domnus
544 889 623 919 papa
641 889 704 910 non
722 884 768 909 est
788 881 820 909 iu
841 880 936 915 urbe,
953 888 1007 917 pro
1030 889 1103 909 005-

138 935 285 965 todiendo
314 934 430 974 palatio
462 933 579 963 debent
610 943 652 962 xn
685 933 834 962 denarios
865 933 1032 971 papienses
1065 933 1104 962 de

136 988 234 1018 altare
257 987 357 1017 sancti
376 987 463 1016 Petri
487 987 520 1016 in
543 995 734 1024 unaquaque
753 985 929 1015 ebdomada
947 985 1102 1024 [habe1·e].

257 1092 393 1132 [XXII]
419 1094 455 1122 De
475 1093 661 1129 mapulariis
686 1097 710 1120 ec
734 1093 943 1121 cubiculariis.

177 1197 250 1238 [45].
267 1198 443 1236 Mapularii
457 1202 554 1236 atque
566 1196 758 1227 cubicularii
771 1206 871 1226 unum
882 1197 948 1226 fere
961 1196 1105 1226 officinm

137 1255 335 1287 exercentes,
353 1250 483 1290 quando
499 1250 637 1280 domnus
662 1259 740 1289 papa
760 1254 932 1279 coronatur
948 1254 977 1279 et
994 1249 1029 1278 in
1047 1253 1106 1279 sta-

139 1304 278 1334 tionibus
298 1304 449 1334 omnibus
467 1304 585 1333 debent
603 1303 753 1333 accedere
768 1303 807 1332 ad
824 1302 978 1341 palatium
993 1303 1106 1332 domni

137 1366 233 1396 pape3
256 1361 286 1386 et
306 1357 501 1395 accipientes
520 1360 696 1395 carpetam,
719 1359 875 1395 tapetum,
893 1356 1106 1392 fatestorium,

139 1409 290 1449 pulvinar
308 1414 337 1440 et
352 1410 544 1448 predettam,
562 1410 678 1439 (1011001
693 1413 818 1448 portare
835 1410 874 1439 ad
891 1410 1106 1448 equitaturam

138 1472 200 1502 que
218 1463 329 1493 omnia
351 1464 411 1493 ista
433 1464 553 1493 debent
575 1467 701 1502 portare
722 1472 794 1493 cum
817 1463 945 1492 scriniis
967 1462 1108 1502 cappelle

139 1516 235 1546 ducta
252 1525 270 1546 a
295 1516 512 1552 marescalcis,
531 1525 631 1554 usque
652 1516 691 1545 ad
708 1515 814 1545 locum
837 1516 876 1545 ad
898 1525 993 1554 quem
1017 1517 1107 1546 dom-

140 1578 202 1600 nus
218 1579 297 1608 papa
314 1570 479 1608 proposuit
494 1569 651 1608 equitare.
674 1569 755 1598 Cum
778 1573 884 1598 autem
905 1569 950 1598 ibi
969 1570 1110 1608 cappella

141 1622 324 1661 deponitur,
348 1622 489 1661 predicte
511 1621 593 1652 scole
616 1622 733 1652 debent
756 1623 928 1658 interesse,
947 1626 976 1651 et
1001 1623 1110 1652 omnia

140 1684 204 1715 que
223 1684 321 1714 supra
343 1675 486 1705 diximus
503 1675 662 1713 accipere,
681 1675 762 1704 sicut
781 1675 887 1713 prius,
902 1679 931 1704 et
948 1675 986 1704 ad
1006 1684 1108 1705 secre-

143 1729 258 1758 tarium
278 1729 456 1767 deportare.
476 1728 541 1758 Ubi
563 1737 636 1758 cum
659 1728 797 1758 domnus
816 1737 895 1766 papa
911 1728 998 1757 exuit
1016 1737 1110 1758 man-

143 1786 211 1811 tum
233 1785 263 1811 et
283 1781 397 1815 stolam
420 1785 514 1820 atque
536 1781 683 1816 mitram,
702 1781 833 1816 debent,
851 1781 952 1810 donec
968 1782 1110 1810 officium

141 1834 330 1869 celebratur,
351 1834 526 1864 studiosius
544 1833 716 1863 custodire.
738 1834 818 1863 [tem
835 1834 930 1863 etiam
951 1838 1111 1873 carpetam

143 1892 173 1917 et
198 1891 337 1926 tapetum
361 1891 391 1917 et
413 1887 477 1917 alia
497 1887 679 1926 supradicta
702 1887 820 1917 debent
842 1896 943 1925 usque
959 1887 998 1917 ad
1013 1887 1112 1917 altare

143 1949 161 1970 a
181 1940 250 1970 loco
272 1940 329 1970 illo
354 1944 479 1979 portare
502 1944 532 1969 et
554 1941 588 1970 in
610 1940 677 1970 suis
702 1939 780 1969 locis
805 1944 912 1978 aptare
936 1941 1017 1969 sicut
1037 1943 1113 1970 sunt

142 1993 291 2033 aptanda.
326 1994 393 2032 Ipsi
424 1998 568 2032 preterea
597 1993 725 2031 quando
753 1993 890 2022 domnus
920 2002 999 2031 papa
1027 1994 1114 2023 vadit

143 2056 162 2076 a
187 2046 359 2076 secretario
387 2046 426 2076 ad
456 2046 571 2083 altare,
598 2046 750 2075 facientes
780 2045 883 2075 celum
913 2046 950 2075 de
975 2046 1113 2084 quadam

145 2109 259 2138 mappa
284 2109 380 2138 super
404 2103 498 2138 caput
521 2099 633 2129 domni
657 2099 775 2137 ipsius,
801 2103 927 2137 portant
949 2108 1018 2128 eam
1042 2099 1086 2129 sic
1107 2112 1112 2128 :

144 2153 207 2183 duo
223 2153 263 2182 ab
279 2152 435 2182 auteriori
450 2155 548 2190 parte,
562 2152 689 2190 duoque
703 2161 721 2181 a
737 2152 918 2190 posteriori,
934 2152 1063 2190 ligatam
1081 2152 1115 2181 in

146 2205 332 2236 summitate
348 2210 483 2244 quatuor
498 2204 707 2240 baculorum,
730 2209 761 2234 et
780 2209 943 2234 extensam
960 2214 1062 2243 usque
1077 2205 1117 2234 ad

145 2258 263 2295 altare;
286 2267 383 2296 quam
401 2257 536 2287 toaleam
553 2257 659 2287 acoliti
674 2257 795 2287 eisdem
809 2257 847 2286 de
864 2258 990 2287 scriniis
1007 2258 1118 2288 domni

146 2320 226 2351 pape
245 2311 429 2349 assignant,
451 2311 490 2341 ab
506 2311 585 2350 ipsis
602 2311 802 2349 postmodum
820 2311 989 2349 recepturi.
1008 2312 1118 2347 Quan-

147 2364 202 2394 diu
232 2364 329 2394 etiam
357 2364 495 2394 domnus
522 2363 661 2393 celebrat
687 2363 737 2393 vel
765 2363 920 2402 predicat,
945 2364 1006 2402 ipsi
1031 2364 1119 2394 aliud

149 2417 291 2448 officium
316 2416 400 2454 quod
426 2416 563 2455 pertinet
584 2416 623 2445 ad
646 2416 731 2455 ipsos
754 2421 912 2446 exercent.
939 2416 1029 2446 Idem
1048 2425 1120 2454 pre-

149 2473 236 2499 terea
256 2473 433 2507 carpetam,
459 2473 600 2507 tapetum
627 2473 657 2498 et
676 2469 784 2499 omnia
805 2469 867 2498 alia
889 2472 1064 2499 memorata
1085 2470 1119 2498 in

148 2531 278 2553 recessu
299 2522 411 2552 domni
430 2530 510 2561 pape
532 2522 649 2552 iterum
671 2522 788 2552 debent
806 2526 930 2560 portare
947 2522 986 2552 ad
1003 2522 1121 2560 gradus

151 2575 207 2606 ubi
233 2579 280 2605 est
307 2574 510 2614 equitatura,
537 2584 599 2614 que
625 2584 698 2605 cum
724 2575 854 2605 scriniis
881 2575 1000 2613 capelle
1025 2585 1121 2614 super

151 2629 334 2668 equitatura
346 2628 414 2666 ipsa
427 2636 528 2666 usque
539 2627 579 2657 ad
591 2627 743 2666 palatium
757 2628 975 2666 deportantur,
987 2628 1041 2658 ubi
1053 2637 1122 2658 esse

152 2682 270 2712 debent
285 2681 347 2720 ipsi
365 2680 483 2719 parati,
502 2685 533 2710 et
547 2680 688 2719 predicta
705 2680 745 2710 ad
761 2680 868 2711 locum
890 2681 975 2710 unde
991 2689 1120 2719 accepe-

152 2738 230 2764 runt
248 2738 422 2773 reportare.

194 2786 267 2827 [46].
282 2786 469 2816 Notandum
481 2786 565 2825 quod
575 2787 719 2824 ipsarum
732 2786 891 2816 scolarum
901 2795 1013 2816 omnes
1024 2786 1059 2815 in
1073 2786 1123 2815 die

154 2839 370 2871 coronationis
384 2839 502 2869 debent
514 2839 682 2869 comedere
693 2848 765 2869 cum
779 2840 857 2878 ipso.
877 2840 911 2868 ln
925 2840 1038 2869 diebus
1050 2847 1124 2869 vero

154 2893 330 2924 stationum
360 2893 517 2931 cujusque
547 2892 631 2922 scole
661 2892 803 2931 ipsorum
834 2896 989 2930 quatuor,
1021 2900 1125 2930 neque

154 2946 273 2986 plures.
303 2945 440 2981 Quando
466 2945 586 2984 aliquis
613 2950 819 2975 consecratur
843 2953 861 2974 a
885 2945 1004 2975 domno
1028 2953 1123 2982 papa,

154 3002 281 3038 propter
310 2998 480 3028 servitium
509 2997 593 3037 quod
623 2997 728 3028 eidem
751 3001 936 3028 consecrato
959 2997 1124 3032 exhibent,

258 3059 343 3086 Lissa
362 3059 504 3087 Csusnun.
524 3073 561 3079 —
578 3058 603 3085 I.

1144 1167 1156 1962 1

2132 334 2190 364 305

1224 402 1343 431 debent
1357 402 1473 432 habere
1487 412 1581 431 suum
1597 401 1736 440 pluviale
1751 406 1781 431 01
1793 401 1910 431 bacilia
1922 406 2018 440 atque
2032 400 2166 431 toaleam
2181 413 2187 434 ;

1225 455 1278 483 sed
1295 455 1333 483 de
1353 454 1508 484 bacilibus
1529 458 1623 492 atque
1645 454 1744 483 toalea
1764 454 1797 482 111
1817 454 1932 483 divisio
1951 454 2035 483 inter
2057 454 2140 491 ipsos
2161 457 2191 482 et

1224 506 1382 536 accolitos.
1400 507 1435 535 Et
1447 507 1521 545 quia
1533 506 1698 535 videbatur
1711 516 1806 543 grave
1822 511 2004 536 consecrato
2021 505 2095 535 dare
2112 506 2190 544 ipsis

1225 558 1374 597 pluviale,
1393 559 1588 588 camerarius
1604 559 1678 588 facit
1695 560 1812 588 eisdem
1830 559 1987 597 provideri
2006 560 2037 587 111
2057 559 2191 597 pecunia

1225 621 1242 641 a
1270 616 1452 641 consecrato
1479 612 1570 650 juxta
1591 611 1777 649 qualitatum
1809 617 1837 640 et
1862 612 2044 641 facultatem
2072 612 2188 649 ipsins;

1226 668 1254 694 et
1285 665 1440 703 cujusque
1472 664 1555 694 scole
1585 665 1647 694 duo
1684 674 1755 694 curn
1789 665 1854 702 ipso
1880 664 2049 693 comedunt
2081 673 2189 693 conse-

1226 720 1328 753 crato,
1347 721 1467 746 etcum
1485 717 1604 746 domno
1622 726 1700 755 papa
1718 717 1843 753 nullus,
1862 718 1886 746 51
1904 717 2136 747 consecraverit
2158 718 2189 745 111

1227 769 1386 808 cappella;
1410 770 1436 799 si
1459 778 1532 799 vero
1554 774 1641 799 extra
1662 770 1906 805 consecraverit,
1934 770 2088 808 cujusque
2109 769 2192 799 scole

1227 822 1291 852 (1οο
1317 822 1489 852 comedunt
1519 831 1590 852 0001
1619 822 1737 852 domno
1766 831 1853 861 papa.
1885 822 2058 851 Sciendum
2086 826 2191 851 tamen

1227 875 1311 913 (111011
1328 884 1391 913 que
1409 884 1504 914 supra
1526 875 1610 904 dicta
1627 879 1700 904 sunt
1720 875 1835 903 debent
1858 874 1986 911 habere,
2004 874 2131 903 etiamsi
2154 874 2193 902 ab

1227 927 1290 957 alio
1311 936 1406 966 quam
1428 937 1446 956 a
1466 928 1586 957 domno
1610 936 1688 965 papa
1711 932 1975 956 consecrarentur
1995 927 2024 955 111
2050 927 2135 955 urbe.
2159 926 2193 955 Si

1228 989 1302 1010 vero
1319 986 1407 1011 extra
1431 981 1561 1017 urbem,
1584 980 1778 1010 camerarius
1799 980 1851 1008 dat
1871 985 1901 1009 et
1920 980 1991 1009 facit
2008 989 2080 1009 eum
2100 980 2194 1008 adex-

1229 1037 1311 1063 trare
1332 1033 1510 1063 secundnm
1532 1042 1624 1062 suam
1647 1033 1857 1062 voluntatem.
1882 1032 1917 1060 Et
1940 1036 2000 1061 tam
2021 1032 2080 1070 ipsi
2097 1040 2194 1070 quam

1228 1086 1442 1116 adextratores
1473 1085 1605 1121 debent,
1635 1094 1707 1114 011111
1739 1085 1886 1122 requisiti
1921 1085 2054 1118 fuerint,
2085 1081 2195 1122 jurare

1229 1139 1347 1169 domno
1360 1147 1449 1177 pape.
1463 1138 1524 1168 Sed
1537 1138 1713 1167 notandum
1728 1139 1811 1175 quod
1826 1138 1851 1166 si
1867 1137 1955 1173 sorte,
1966 1137 2094 1175 quando
2105 1137 2195 1166 dom-

1229 1201 1290 1222 nus
1309 1200 1389 1230 papa
1405 1195 1451 1220 est
1467 1191 1500 1219 in
1521 1190 1690 1219 secretario
1712 1193 1741 1219 et
1760 1194 1829 1227 post
1852 1190 1982 1218 missam
2004 1189 2196 1218 celebratam

1229 1244 1353 1283 aliquid
1376 1244 1471 1273 fuerit
1495 1243 1630 1281 pedibus
1651 1242 1763 1271 domni
1782 1251 1859 1280 pape
1878 1241 2036 1277 oblatum,
2056 1241 2198 1279 ipsorum

1230 1301 1277 1328 est
1298 1297 1336 1326 de
1357 1297 1446 1335 jure,
1462 1304 1541 1325 auro
1558 1298 1685 1333 excepto
1703 1299 1734 1324 et
1749 1298 1882 1332 argento
1905 1293 2062 1327 laborato,
2083 1293 2198 1332 pannis

1231 1351 1342 1386 etiam,
1355 1358 1409 1379 seu
1430 1348 1572 1384 toalleas,
1588 1356 1648 1386 que
1663 1348 1771 1377 omnia
1786 1351 1861 1376 sunt
1872 1347 1909 1376 de
1922 1355 2058 1382 camera,
2072 1350 2200 1384 excepta

1231 1403 1356 1433 ratione
1372 1402 1539 1431 widonum
1556 1400 1639 1430 scola
1656 1408 1751 1438 quam
1769 1399 1860 1428 debet
1879 1398 2007 1427 habere.
2031 1398 2096 1427 Hoc
2115 1398 2200 1426 idem

1231 1455 1303 1485 dico
1323 1455 1361 1484 de
1384 1453 1650 1489 adestratoribns‚
1669 1452 1751 1490 quod
1772 1451 1799 1480 si
1815 1451 1893 1480 sorte
1913 1450 2051 1488 aliquid,
2073 1450 2200 1488 quando

1231 1510 1400 1540 adextrant
1422 1508 1579 1537 domnum
1599 1515 1729 1545 papam,
1747 1505 1785 1534 ad
1806 1505 1899 1544 pedes
1921 1504 2023 1542 ipsius
2041 1512 2096 1542 per
2114 1503 2199 1532 viam

1232 1562 1375 1593 oblatum
1393 1560 1503 1596 suerit,
1522 1559 1653 1589 illorum
1671 1558 1765 1588 debet
1781 1566 1860 1593 esse,
1881 1557 2019 1595 exceptis
2039 1556 2198 1594 predictis.

1234 1616 1301 1645 Hoc
1317 1614 1444 1649 addito,
1464 1612 1549 1651 quod
1567 1615 1631 1641 tam
1652 1610 1736 1641 scola
1752 1610 2008 1648 mapulariorum
2026 1609 2201 1638 010011100-

1233 1669 1390 1699 lariorum
1410 1675 1507 1706 quam
1531 1666 1787 1702 adextratorum,
1811 1663 1940 1701 quando
1964 1662 2101 1691 domnus
2124 1670 2204 1699 papa

1234 1721 1354 1760 equitat
1383 1720 1421 1749 ad
1448 1719 1590 1757 aliquam
1619 1716 1787 1747 ecclesiam
1817 1716 1871 1745 ubi
1899 1715 2009 1744 eadem
2033 1715 2084 1743 die
2110 1713 2203 1743 statio

1235 1783 1299 1805 non
1319 1778 1375 1810 est,
1394 1781 1468 1802 cum
1486 1772 1596 1802 eodem
1615 1771 1733 1800 domno
1750 1769 1916 1798 comedere
1933 1776 1995 1797 non
2013 1767 2129 1796 debent
2146 1774 2204 1795 nec

1235 1827 1379 1858 officium
1395 1825 1526 1864 aliquod
1545 1832 1704 1853 exercere.
1722 1821 1896 1851 Sciendum
1913 1820 1997 1859 quod
2014 1821 2073 1858 ipsi
2090 1828 2201 1857 mapu—

1234 1881 1323 1916 larii‚
1343 1879 1426 1909 sicut
1441 1877 1588 1916 superius
1607 1880 1653 1905 est
1668 1878 1871 1910 enarratum,
1890 1873 2006 1902 (10110111
2024 1881 2149 1910 semper
2168 1871 2202 1899 in

1236 1933 1440 1973 processione
1463 1939 1579 1969 aquam
1605 1929 1742 1959 calidam
1768 1928 1886 1957 domno
1912 1935 1989 1964 pape
2016 1933 2202 1964 preparare3

1237 1992 1267 2017 et
1289 1987 1323 2015 in
1347 1986 1399 2015 die
1421 1987 1530 2014 sancto
1550 1984 1640 2013 Jovis
1663 1990 1819 2011 manuum
1843 1980 2047 2009 medietatem
2074 1978 2203 2007 subdia-

1238 2038 1419 2080 c[onorum]
1438 2038 1555 2067 habere
1571 2036 1698 2065 debent.

1266 2145 1418 2185 [XXIIL]
1438 2145 1475 2173 De
1494 2142 1716 2179 majorentibus
1732 2141 1787 2178 qui
1804 2139 1964 2168 Slimztlatz'
1981 2138 2138 2166 dicuntur.

1281 2252 1355 2292 [47].
1374 2250 1568 2289 Maj0rentes
1585 2250 1691 2276 autem
1706 2246 1745 2274 ad
1761 2245 1884 2274 curiam
1902 2243 2050 2272 accedere
2072 2250 2136 2271 11011
2152 2241 2209 2270 de-

1241 2307 1317 2336 bent
1336 2312 1391 2343 pro
1406 2301 1538 2333 servitio
1557 2300 1666 2338 aliquo
1680 2298 1835 2333 faciendo,
1855 2306 1908 2326 5011
1927 2304 1982 2334 pro
1998 2295 2078 2332 alio,
2097 2293 2159 2323 nisi
2175 2293 2209 2322 in

1242 2359 1355 2389 diebus
1377 2354 1592 2387 coronationis
1612 2352 1723 2382 (10111111
1744 2360 1840 2390 pape,
1857 2350 1908 2380 cui
1924 2350 2001 2378 dum
2019 2348 2138 2386 equitat
2153 2347 2208 2376 ba-

1242 2411 1329 2442 culos
1344 2409 1498 2439 habentes
1512 2407 1547 2436 in
1562 2406 1712 2441 manibus
1726 2404 1812 2433 viam
1828 2406 1950 2441 parant,
1967 2399 2209 2430 multitudinem

1243 2463 1352 2504 populi
1375 2459 1586 2495 removendo3
1617 2462 1742 2497 propter
1768 2455 1852 2494 quod
1876 2454 1946 2492 ipsa
1972 2453 2022 2482 die
2046 2452 2211 2482 comedere

1243 2518 1362 2548 debent
1389 2524 1462 2545 cum
1493 2514 1612 2544 domno
1643 2519 1733 2549 papa.
1768 2509 1858 2538 Idem
1890 2507 1987 2536 etiam
2020 2506 2211 2543 majorentes

1244 2569 1408 2602 Stimulati
1425 2566 1510 2598 scola
1525 2568 1691 2595 vocantur.

1498 2670 1618 2710 [XXIV
1626 2670 1646 2708 .]
1666 2670 1704 2698 De
1720 2666 1917 2697 υαείανανῐίε.

1287 2780 1360 2821 [48].
1386 2776 1563 2808 Vastararii
1582 2782 1656 2804 vero
1676 2774 1711 2802 in
1734 2771 1886 2801 omnibus
1907 2766 2211 2805 sollempnitatibus,

1246 2838 1355 2864 sancte
1368 2831 1471 2861 Marie
1483 2826 1713 2865 Assumptione
1726 2828 1865 2862 excepta,
1879 2821 2001 2851 faciunt
2012 2818 2162 2849 candelas
2174 2818 2213 2847 de

1244 2886 1386 2926 junceis,
1417 2883 1566 2922 papirum
1588 2888 1642 2918 pro
1668 2876 1810 2908 candelis
1837 2877 1993 2912 aptantes.
2024 2873 2061 2901 Et
2088 2875 2214 2910 propter

1247 2941 1308 2970 hoc
1329 2946 1402 2968 cum
1426 2936 1544 2965 domno
1569 2940 1648 2971 papa
1670 2929 1843 2961 comedunt
1864 2928 1899 2956 in
1922 2926 1973 2955 die
1995 2923 2214 2955 coronationis

1250 3001 1318 3028 sue,
1331 2995 1361 3021 et
1373 2998 1427 3028 pro
1437 2986 1564 3027 junceis
1576 2983 1737 3022 recipiunt
1749 2982 1787 3011 de
1803 2980 1903 3010 altare
1917 2978 2020 3008 sancti
2033 2976 2121 3006 Petri
2135 2984 2213 3014 qua-

2041 3038 2074 3065 39
