2434 3530
192 334 250 364 294

235 407 345 427 eorum
371 398 480 434 recipit
498 397 575 425 dnos
594 395 740 425 denarios
761 396 800 424 ab
817 395 882 429 illo,
904 395 957 432 qni
976 393 1095 423 domno
1118 401 1195 430 pape

232 450 361 489 assistit,
378 455 528 479 etomnes
545 449 666 478 denarii
682 448 798 477 debent
814 457 882 477 esse
897 447 935 476 de
951 445 1092 476 ecclesia.
1107 445 1194 481 Qua-

233 508 303 532 tuor
321 512 393 532 vero
411 502 534 531 denarii
551 502 604 540 qui
616 503 628 521 ⁸
645 504 765 531 restant
787 500 973 530 acolitorum
996 503 1051 529 est.
1076 500 1194 535 Quam-

232 556 287 585 diu
304 560 409 585 autem
432 555 584 584 lectiones
605 554 766 592 leguntur,
785 554 846 583 due
870 553 970 582 facule
991 562 1063 582 cum
1081 552 1196 581 cande-

234 608 330 638 labris
358 607 501 646 ejnsdem
525 607 658 637 ecclesie
681 607 798 636 debent
818 615 886 636 esse
911 615 1005 644 super
1025 605 1195 644 pulpitum,

234 665 264 690 et
285 662 449 691 residuum
465 664 509 689 est
529 660 567 689 de
583 659 736 689 accolitis.
754 658 837 688 Illud
856 667 929 688 vero
945 658 1030 696 quod
1054 661 1198 686 remanet

233 716 272 745 de
287 714 401 744 faculis
418 723 495 752 quas
519 718 643 751 portant
660 712 830 751 mapularii
848 712 1032 741 eorumdem
1051 710 1196 748 mapula-

236 769 359 798 riorum
383 771 467 797 sunt.
494 767 564 796 Hiis
586 776 640 804 per
665 766 810 795 ordinem
835 766 879 794 sic
902 764 1084 800 celebratis,
1107 763 1195 792 dom-

233 831 294 851 nus
313 830 391 860 papa
414 821 491 849 dicit
514 819 693 849 orationem
718 818 844 856 vigilie,
870 823 899 847 et
922 818 1020 846 intrat
1042 817 1157 845 lectum
1171 818 1194 844 ⁹.

236 875 272 904 Et
291 883 418 903 summo
437 882 532 902 mane
555 873 697 902 domnus
717 881 796 910 papa
814 871 951 901 celebrat
968 871 1108 899 missam.
1127 869 1196 904 Qua

235 928 326 957 finita
339 928 507 957 revertitur
523 926 561 955 ad
580 926 743 965 palatium.
763 926 800 954 Et
817 924 1003 959 notandum,
1017 923 1101 961 qnod
1117 922 1197 950 sicut

235 982 355 1011 dictum
373 986 418 1009 est
437 980 596 1018 superius,
614 979 656 1008 ita
681 980 715 1008 fit
732 979 764 1007 in
785 978 908 1015 vigiliis
924 976 1195 1014 sollempnitatum

233 1036 381 1067 omnium
396 1033 664 1072 patriarchatuum
681 1033 779 1061 urbis.

197 1144 317 1184 [VIII.]
338 1141 416 1178 Quid
443 1142 541 1170 (lebeat
560 1141 689 1169 domnus
713 1148 791 1177 popu
816 1141 911 1174 facere
932 1138 1010 1174 [ενὶα
1033 1142 1143 1174 quarta
1166 1137 1197 1164 in

513 1194 614 1230 Capite
634 1192 878 1228 Quadi-aymone.

276 1301 350 1341 [15],
370 1300 460 1329 Fer-ia
477 1302 589 1337 quarta
608 1297 640 1326 in
665 1297 772 1334 Capite
789 1295 1039 1332 Quadragesime
1061 1295 1199 1323 domnus

235 1364 315 1394 papa
331 1354 413 1383 circa
436 1352 574 1381 mediam
599 1350 724 1379 tertiam
752 1349 872 1386 equitat
896 1358 967 1377 cum
993 1348 1148 1386 episcopis
1171 1351 1200 1375 et

234 1407 456 1438 cardinalibus
478 1405 515 1434 ad
538 1409 679 1433 sanctam
702 1403 922 1437 Anastasiam,
948 1406 976 1430 et
1000 1406 1143 1439 receptus
1164 1400 1198 1429 iu

237 1461 438 1500 processione
460 1469 477 1487 a
499 1457 622 1487 clericis
643 1456 742 1494 ipsius
761 1455 891 1484 ecclesie
910 1455 1007 1483 intrat
1024 1454 1198 1482 sacrarium

237 1519 270 1544 et
284 1513 389 1543 induit
406 1522 437 1541 se
453 1520 523 1540 cum
544 1509 760 1539 cardinalibus
777 1513 807 1537 et
828 1507 900 1537 aliis
917 1507 1095 1536 ordinibus.
1114 1507 1200 1535 Inte-

237 1567 300 1596 rim
317 1571 421 1595 autem
439 1564 522 1593 cinis
539 1563 737 1592 bcnedicitur
755 1571 772 1590 a
786 1561 910 1598 juniori
929 1560 1114 1598 presbyter-0
1132 1568 1199 1588 car-

240 1618 353 1649 dinali.
378 1617 499 1646 Deinde
521 1617 658 1645 domnus
678 1624 756 1653 papa
779 1614 865 1642 vadit
888 1623 959 1642 cnm
983 1613 1201 1642 cardinalibus

239 1675 270 1702 et
287 1672 371 1701 scola
389 1675 553 1699 cantorum
570 1669 607 1697 ad
626 1668 732 1697 sedem
757 1672 825 1706 post
845 1667 956 1702 altare,
976 1671 1004 1695 et
1024 1670 1202 1704 presentato

239 1726 269 1755 ei
287 1725 405 1759 cinere,
425 1723 508 1760 prior
525 1721 743 1759 episcoporum
769 1720 905 1758 imponit
926 1719 953 1748 ei
976 1720 1135 1755 cinerem,
1153 1719 1200 1747 di-

237 1787 312 1808 cens
326 1777 384 1806 hec
398 1776 493 1804 verba
512 1787 517 1803 ι
538 1775 677 1803 ,ΙΙοηῑσηιο
694 1774 768 1810 quia
785 1774 883 1810 pulvis
902 1783 941 1808 es,
958 1778 982 1801 vt
1001 1774 1029 1800 iu
1047 1774 1202 1810 pulverem

235 1830 404 1860 reverteris.
424 1827 629 1857 Postmodum
649 1835 720 1855 vero
741 1826 878 1855 domnus
900 1834 975 1863 papa
996 1826 1132 1864 imponit
1156 1825 1202 1854 ei—

237 1893 348 1913 nerem
365 1882 531 1920 episcopis,
550 1879 778 1915 cardinalibus,
797 1883 825 1907 et
841 1879 913 1907 aliis
928 1878 1109 1907 ordinibus.
1128 1878 1202 1914 Qui·

236 1937 296 1966 bus
315 1935 461 1973 expletis,
483 1933 686 1971 primicerius
705 1941 776 1960 cam
801 1932 882 1960 srola
902 1935 1066 1960 cantorum
1090 1931 1205 1970 incipit

238 1989 448 2027 antiphonam
476 1988 596 2023 L'rrurye
622 1986 761 2020 Domine,
792 1985 906 2020 adjuva
934 1994 996 2013 iios.
1021 1985 1089 2020 Qua
1116 1994 1203 2014 com-

243 2042 342 2081 pleta,
363 2041 499 2070 domnus
524 2048 601 2076 papa
627 2038 704 2067 dicit
727 2038 873 2071 0rcmus5
895 2042 924 2066 et
946 2038 1100 2066 diaconus
1123 2037 1203 2066 Flec-

241 2101 343 2124 tamus
371 2102 490 2130 qemi«,-
526 2097 555 2120 et
583 2091 666 2120 alius
693 2091 845 2120 diaconus
873 2091 988 2119 deinde
1021 2092 1143 2127 Leonta·
1174 2095 1204 2120 et

237 2148 378 2177 domnus
391 2154 468 2183 papa
484 2144 748 2173 dicitorationem
762 2143 799 2172 de
811 2143 953 2179 collecta,
968 2144 1115 2173 videlicet
1133 2145 1203 2173 Pre-

240 2209 285 2230 ces
304 2200 409 2238 populi
432 2199 488 2226 tui.
506 2198 574 2232 Qua
594 2196 685 2225 finita
700 2196 811 2234 junior
831 2197 1036 2226 diaconorum
1057 2197 1203 2226 cardina—

240 2254 322 2284 lium
346 2252 425 2281 dicit
443 2263 448 2279 2
469 2252 668 2279 Provedczinus
690 2259 757 2279 cum
785 2259 875 2286 pacm
902 2254 931 2279 et
956 2251 1061 2279 omnis
1087 2251 1203 2279 chorus

238 2306 409 2344 respondet
427 2314 433 2333 z
453 2305 484 2332 Iu
508 2304 629 2331 nomine
652 2302 776 2331 Clu-isit.
797 2303 939 2331 Scientes
963 2303 1045 2340 qnod
1065 2304 1202 2333 domnus

240 2368 319 2398 papa
335 2368 352 2386 a
369 2356 613 2395 beptuagesima
633 2364 734 2393 usqne
754 2355 791 2384 ad
811 2356 931 2384 Pascha
950 2366 1011 2385 non
1032 2362 1132 2394 portat
1146 2366 1202 2386 an-

238 2411 427 2441 rifrisiatam
446 2409 588 2444 mitram,
607 2417 663 2437 nec
676 2411 780 2437 cantat
799 2408 831 2436 Te
847 2409 933 2437 Deum
952 2410 1124 2445 laudamus,
1140 2411 1202 2439 nisi

240 2466 275 2494 in
294 2463 453 2502 precipuis
475 2462 577 2498 sestis,
599 2466 628 2490 et
651 2461 683 2489 in
710 2462 810 2490 Leturc
829 2463 1006 2497 Jerusalem,
1025 2463 1054 2490 in
1074 2472 1136 2501 qno
1151 2463 1203 2492 die

236 2518 363 2548 diaconi
388 2516 566 2545 cardinales
596 2517 731 2543 utuntur
755 2515 899 2553 planetis.
929 2515 1062 2544 Cunctis
1088 2516 1204 2546 deinde

239 2569 484 2610 precedentibus
508 2568 541 2596 in
566 2567 679 2597 ordine
697 2576 765 2603 sno,
783 2568 921 2597 domnus
942 2578 1017 2606 papa
1041 2570 1134 2598 undis
1151 2579 1202 2607 pe-

238 2625 332 2654 dibus
349 2632 420 2652 cum
440 2621 614 2659 psalmodia
631 2621 777 2658 seqnitur
798 2622 1028 2658 processionem
1049 2632 1149 2660 nsque
1165 2624 1202 2651 ad

238 2682 379 2707 sanctam
398 2675 568 2710 Sabinam,
589 2678 619 2703 ct
641 2675 744 2711 ipsum
767 2675 905 2711 precedit
927 2684 1000 2703 cinx
1021 2685 1088 2710 sua,
1107 2685 1203 2713 quam

238 2734 340 2769 portat
361 2738 443 2757 nnus
459 2728 496 2755 de
519 2727 766 2755 subdiaconibus
785 2727 865 2762 suis,
883 2733 912 2756 et
930 2738 1005 2756 crux
1027 2729 1125 2757 sancti
1147 2729 1204 2757 Pe-

240 2783 291 2819 tri,
308 2791 403 2820 qnam
423 2784 522 2818 portat
540 2780 623 2817 prior
642 2780 910 2809 suliidiaconorum
936 2781 1202 2817 regionariorum.

239 2836 385 2872 Cumque
408 2833 574 2861 intraverit
598 2832 781 2868 «eclesiam,
805 2834 900 2861 intrat
927 2835 1152 2869 srcretarium3
1177 2838 1206 2862 ct

239 2887 489 2925 mapulaiiornm
525 2891 553 2913 rt
590 2885 861 2914 cnbicnlarioruin
896 2886 978 2914 scola
1012 2888 1129 2915 babent
1162 2887 1204 2915 ibi

238 2949 354 2978 aquam
373 2939 505 2967 calidam
529 2943 666 2975 paiatam
685 2939 721 2967 ad
739 2938 914 2967 abluendos
934 2939 1025 2976 pedes
1045 2940 1154 2976 ipsius.

282 2991 354 3032 [lo]
374 2991 549 3019 >ciendum
568 3000 639 3019 vcro
656 2991 739 3028 quod
757 2992 786 3019 in
806 2993 935 3020 introitu
955 2992 1027 3020 [ct-lt
1040 2993 1082 3021 >ie
1099 2992 1204 3021 acoliti

737 331 786 359 LE
811 330 953 359 LIBER
977 327 1211 357 CENSUUM
1235 327 1289 356 DE
1314 317 1499 355 L'EGLISE
1522 324 1732 354 ROMAINE.

1317 391 1434 420 debent
1452 390 1592 428 recipere
1607 399 1734 419 crucem
1751 391 1853 420 sancti
1870 391 1972 427 Petri,
1992 395 2022 421 et
2040 394 2163 429 portare
2184 398 2285 429 usque

1316 443 1355 473 ad
1373 443 1483 478 altare,
1500 442 1695 472 subdiacono
1711 442 1881 480 regionum
1897 443 2041 473 faciendo
2058 443 2224 474 letaniam.
2245 443 2284 472 Et

1318 496 1451 535 pedibus
1468 495 1598 530 ablutis,
1616 500 1746 534 paratus
1760 495 1800 525 ad
1817 495 1915 525 altare
1933 496 2063 526 accedit.
2084 497 2120 526 Et
2136 497 2233 526 missa
2246 496 2285 525 de

1319 559 1406 580 more
1429 553 1568 586 cantata,
1593 549 1732 579 domnus
1755 558 1834 588 papa
1856 549 2055 587 palafredum
2078 549 2237 586 ascendit,
2256 552 2285 579 et

1318 602 1356 632 ad
1375 601 1527 640 palatium
1549 601 1731 631 revertitur.

1360 655 1432 694 [17].
1453 655 1622 685 Dominica
1638 664 1723 692 vero,
1741 664 1803 694 qua
1821 658 1966 685 cantatur
1983 656 2083 684 Letare
2098 655 2284 691 Jerusalem,

1320 709 1515 739 camerarius
1535 713 1732 747 representat
1754 709 1872 738 domno
1889 717 1966 746 pape
1982 708 2017 737 in
2034 716 2160 737 camera
2180 716 2286 738 rosam

1319 771 1449 791 auream
1477 771 1549 791 cum
1572 770 1682 791 musco
1705 766 1736 791 et
1755 761 1907 796 balsamo,
1928 770 2025 799 quam
2051 761 2189 790 domnus
2208 769 2287 799 papa

1319 820 1421 854 portat
1435 815 1468 844 in
1483 824 1579 844 manu
1598 815 1725 853 propria
1738 824 1839 854 usque
1851 815 1890 844 ad
1903 815 2052 845 Sanctam
2066 814 2216 849 Crucem,
2233 813 2287 842 ubi

1321 877 1356 897 ea
1374 868 1426 897 die
1447 867 1540 897 debet
1561 869 1691 897 missam
1713 867 1886 904 celebrare,
1909 868 2054 897 eamdem
2080 867 2228 896 deferens
2253 866 2286 895 in

1319 921 1502 950 reversione
1518 930 1573 950 sua
1590 921 1740 951 similiter
1763 931 1863 959 usque
1886 921 1926 950 ad
1947 920 2052 950 locum
2076 920 2108 949 in
2133 928 2197 958 qno
2214 919 2286 949 des-

1319 974 1442 1010 cendit,
1472 974 1525 1003 ubi
1553 974 1645 1003 debet
1671 983 1739 1003 esse
1766 974 1938 1012 prefectus,
1966 974 2016 1003 cui
2041 974 2179 1003 domnus
2208 981 2288 1011 papa

1314 1032 1395 1070 tuuc
1412 1028 1464 1056 dat
1480 1036 1583 1056 rosam
1600 1027 1712 1066 ipsam,
1732 1033 1759 1057 et
1777 1027 1886 1057 eadem
1904 1027 1955 1056 die
1972 1030 2073 1065 portat
2090 1027 2218 1055 mitram
2234 1034 2286 1055 an-

1320 1080 1517 1110 rifrisiatam.
1540 1080 1714 1110 Sciendum
1734 1083 1781 1109 est
1802 1080 1886 1118 quod
1908 1080 1976 1118 ipsa
1999 1079 2076 1108 hora
2095 1087 2160 1117 qua
2185 1086 2287 1108 came-

1321 1134 1425 1163 rarius
1445 1137 1642 1172 representat
1658 1142 1774 1170 rosam,
1790 1133 1928 1162 domnus
1943 1142 2021 1171 papa
2039 1132 2131 1162 debet
2146 1131 2288 1169 accipere

1321 1189 1449 1217 mitram
1468 1186 1700 1216 aurifrisiatam
1717 1187 1752 1215 ¹⁰.

1309 1294 1394 1333 [XL]
1415 1294 1492 1328 Quid
1510 1294 1638 1322 domnus
1653 1302 1732 1331 papa
1749 1295 1847 1329 facere
1863 1293 1963 1321 debeat
1981 1293 2012 1320 in
2030 1292 2108 1321 Cena
2127 1291 2259 1320 Domini.

1363 1399 1435 1440 [⁶23]
1449 1399 1539 1429 Feria
1553 1399 1665 1438 quinta
1678 1399 1710 1427 in
1723 1398 1810 1428 Cena
1822 1398 1954 1428 Domini
1969 1397 2134 1426 descendit
2150 1396 2290 1426 domnus

1322 1461 1401 1490 papa
1417 1453 1455 1481 ad
1473 1451 1639 1480 ecclesiam
1661 1451 1761 1479 sancti
1784 1449 1945 1479 ,joliannis
1968 1448 2194 1478 Lateranensis
2215 1456 2289 1477 cum

1322 1506 1416 1534 mitra
1437 1505 1507 1534 sine
1530 1504 1634 1538 frisio,
1661 1504 1736 1533 liora
1760 1507 1864 1538 sexta,
1891 1508 1920 1532 et
1942 1502 2023 1531 facta
2045 1501 2190 1531 oratione
2216 1505 2292 1530 ante

1322 1567 1450 1594 cruces,
1478 1558 1580 1596 pergit
1601 1557 1641 1586 ad
1666 1556 1871 1586 secretarium
1897 1555 1936 1585 ad
1962 1554 2162 1584 ecclesiam¹¹
2187 1553 2290 1583 sancti

1322 1612 1445 1641 Tliome
1468 1619 1541 1640 cum
1565 1610 1719 1648 episcopis
1736 1608 1955 1639 cardinalibus
1971 1613 2001 1638 et
2021 1607 2094 1637 aliis
2110 1606 2289 1643 ordinibus,

1322 1665 1432 1703 ibique
1446 1669 1552 1694 cantat
1569 1672 1699 1693 nonam.
1721 1662 1846 1692 Deinde
1864 1670 1937 1691 vero
1954 1661 2061 1690 induit
2082 1670 2114 1690 se
2134 1669 2234 1698 usque
2252 1659 2291 1689 ad

1323 1718 1538 1753 dalmaticam,
1559 1721 1588 1746 et
1606 1717 1748 1745 induunt
1769 1724 1802 1745 so
1824 1714 2004 1745 cardinales
2023 1714 2148 1743 diaconi
2167 1713 2291 1742 dalma-

1325 1772 1409 1804 ticis,
1435 1770 1611 1809 presbyteri
1633 1769 1767 1807 planetis
1788 1773 1817 1798 et
1840 1768 1952 1797 mitris
1979 1768 2069 1796 Tunc
2093 1770 2294 1805 presentatur

1323 1825 1441 1854 domno
1459 1834 1535 1862 pape
1553 1823 1739 1861 (Sciendum
1752 1825 1774 1842 ¹²
1790 1821 1874 1861 qnod
1891 1821 1997 1851 acoliti
2014 1821 2130 1850 debent
2151 1820 2292 1858 recipere

1325 1878 1362 1907 de
1387 1878 1478 1907 altari
1495 1877 1596 1906 sancti
1616 1876 1700 1905 Petri
1717 1885 1814 1905 unam
1831 1874 2028 1913 aquariciam
2046 1872 2118 1909 olei¹
2138 1877 2167 1901 et
2184 1873 2294 1901 fanno-

1325 1940 1382 1961 nes
1409 1936 1439 1960 et
1464 1929 1640 1967 ampullam,
1670 1934 1699 1958 et
1727 1927 1923 1957 camerarius
1946 1926 2038 1955 debet
2062 1930 2122 1954 tres
2143 1926 2293 1954 denarios

1325 1988 1496 2022 pensantes
1516 1981 1661 2020 balsami)
1683 1982 1784 2019 major
1803 1979 1946 2018 ampulla
1965 1988 2038 2008 cnm
2058 1978 2126 2008 oleo
2149 1987 2165 2007 a
2188 1978 2293 2016 priore

1326 2037 1545 2070 diaconorum,
1565 2039 1594 2063 et
1612 2034 1769 2063 residente
1786 2033 1853 2071 ipso
1874 2032 1907 2061 in
1927 2031 2001 2060 sede
2018 2040 2089 2066 sua,
2110 2030 2207 2059 mittit
2223 2029 2291 2059 bal-

1325 2098 1453 2120 samum
1482 2088 1515 2117 in
1546 2088 1612 2126 ipsa
1638 2085 1798 2124 ampulla,
1827 2089 1856 2114 et
1881 2084 1994 2113 miscet
2020 2083 2198 2113 balsamum
2224 2081 2295 2111 oleo

1325 2152 1398 2172 cum
1424 2140 1617 2180 quibusdam
1644 2139 1823 2178 palmarum
1849 2136 2054 2166 ramusculis.
2083 2134 2293 2164 Postmodum

1326 2204 1400 2225 vero
1423 2193 1588 2232 reponitur
1613 2191 1756 2230 ampulla
1779 2200 1873 2229 snper
1898 2189 1996 2219 altare
2018 2188 2127 2218 Sancti
2152 2187 2291 2223 Tliome;

1324 2257 1387 2287 quo
1416 2248 1513 2282 facto,
1543 2245 1649 2275 induit
1676 2254 1708 2273 se
1732 2244 1872 2273 domnus
1901 2242 2039 2281 pontifex
2073 2241 2233 2280 planetam
2263 2243 2293 2269 et

1325 2302 1455 2330 mitram
1473 2298 1716 2333 aurifrisiatam,
1732 2297 1898 2335 pergitque
1909 2295 1948 2324 ad
1966 2295 2109 2330 missam,
2124 2293 2295 2332 preceden-

1327 2354 1411 2383 tibus
1433 2357 1552 2390 septem
1576 2350 1676 2380 cereis
1696 2349 1730 2378 in
1757 2353 1877 2388 septem
1900 2347 2100 2377 candelabris
2123 2356 2195 2376 cum
2218 2354 2293 2384 pro-

1325 2406 1488 2441 cessione,
1509 2405 1590 2433 sicnt
1613 2402 1781 2433 consuevit
1797 2402 1828 2430 in
1846 2401 1919 2431 aliis
1936 2400 2057 2430 festivis
2073 2400 2198 2429 diebus.

1368 2460 1439 2499 [Ἡ]
1459 2457 1643 2488 Notandum
1660 2464 1732 2485 vero
1748 2455 1833 2494 quod
1851 2454 1972 2484 faculas
1988 2459 2017 2482 et
2036 2452 2228 2482 candelabra
2243 2460 2293 2481 cu-

1326 2514 1371 2542 ria
1390 2513 1482 2541 debet
1500 2511 1585 2539 dare.
1609 2509 1772 2544 introitus,
1791 2508 1893 2536 Gloria
1911 2508 2008 2542 Patri,
2028 2507 2128 2543 Kyrie,
2147 2506 2249 2534 Glorsa
2260 2505 2294 2533 in

1326 2567 1447 2596 excelsis
1469 2566 1532 2600 Deo,
1550 2563 1658 2592 omnia
1676 2562 1735 2590 ista
1751 2561 1914 2589 dicuntur.
1938 2559 2011 2589 Non
2031 2559 2154 2588 dicatur
2172 2558 2294 2587 simbo-

1326 2619 1406 2648 lum.
1426 2619 1472 2647 Ita
1486 2617 1621 2645 liabetur
1636 2615 1668 2643 in
1685 2614 1767 2643 libro
1781 2615 1804 2633 ¹³
1821 2622 1897 2651 pape
1912 2610 2044 2642 Gelasii.
2063 2611 2124 2641 Sed
2142 2619 2198 2640 nos
2216 2609 2294 2639 dici-

1329 2681 1399 2701 mus
1417 2669 1589 2699 simbolum
1610 2672 1736 2705 propter
1753 2665 2028 2696 consecrationem
2043 2663 2214 2693 crismatis.
2236 2663 2294 2692 Pa-

1327 2734 1395 2754 cem
1416 2724 1500 2752 inter
1523 2732 1554 2751 se
1578 2730 1639 2749 non
1663 2721 1755 2756 dent;
1776 2723 1920 2748 servetur
1944 2717 1983 2746 de
2003 2717 2134 2752 oblati&
2163 2715 2295 2752 sanguis

1328 2786 1402 2806 vero
1414 2777 1542 2814 penitus
1553 2778 1770 2804 consumatur.
1786 2771 1989 2810 Hyrenensss
2002 2782 2007 2798 :
2021 2782 2033 2796 ι(
2048 2769 2140 2798 Absit
2151 2774 2184 2797 ut
2197 2769 2296 2797 disso-

1330 2831 1439 2859 nantia
1457 2829 1527 2867 festi
1541 2827 1683 2857 caritatis
1700 2831 1729 2855 et
1746 2825 1875 2854 unitatis
1892 2823 2136 2853 consonantiam
2153 2829 2294 2850 corrum-

1329 2889 1390 2922 pat.
1409 2896 1419 2908 w
1432 2882 1548 2911 Omnia
1559 2881 1649 2917 signa
1663 2878 1846 2917 productius
1859 2876 1949 2906 solito
1963 2875 2131 2914 pulsentur
2144 2875 2174 2903 in
2188 2873 2295 2902 classi-

1329 2946 1412 2965 cum.
1427 2936 1580 2964 Cantatur
1596 2933 1697 2961 Gloria
1711 2934 1742 2959 in
1754 2931 1874 2959 excelsis
1889 2930 1941 2958 Deo
1954 2928 2024 2957 sine
2037 2926 2184 2962 simbolo
2200 2931 2294 2964 atque

1330 2990 1454 3018 dicatur
1473 2989 1576 3023 Aynus
1596 2987 1643 3013 [Μ’
1666 2985 1785 3021 absque
1806 2982 1924 3012 osculo.
1949 2981 2023 3010 Post
2042 2979 2294 3017 predicationem
