2434 3530
630 309 680 338 LE
704 309 849 339 LIBER
871 309 1106 340 CENSUUM
1131 310 1183 339 DE
1209 302 1391 342 L'EGLISE
1415 313 1622 344 ROMAINE.
2111 317 2168 348 343

125 371 291 403 MCCLIIlI,
313 371 412 398 indict.
432 372 499 405 XII,
516 374 698 408 pontificatus
714 383 781 400 vero
797 374 893 401 domni
910 383 981 409 pape
997 375 1087 401 Inno-

122 421 208 447 centii
224 419 301 446 IIIIti
317 429 392 446 anno
412 420 477 447 XIo.

155 468 322 503 Stephanus
338 468 432 495 Nicoli
447 469 590 496 «Iohannis
605 470 717 496 abbatis
733 470 805 496 civis
818 470 966 497 Romanus
979 471 1088 504 juravit

123 516 246 543 officium
260 517 514 544 adrestatoriorum
531 526 596 544 cum
607 520 774 552 juramento
790 519 934 545 fidelitatis
951 523 981 546 ut
998 527 1086 553 supe-

123 565 185 591 rius
200 565 373 592 continetur.

154 614 258 641 Petrus
279 614 422 641 Johannls
445 615 549 649 Angeli
573 615 646 641 civis
666 614 816 641 Romanus
834 615 943 649 juravit
963 614 1086 641 officium

123 663 344 690 adrestariorum
363 663 390 689 in
407 663 530 689 eundem
549 663 675 690 modum.

154 778 250 810 (Autre
266 778 367 809 main.)
383 775 533 803 Johannes
548 776 691 802 Guidonis
707 777 784 810 prior
796 777 1050 812 mappulariorum.

155 824 259 851 Petrus
274 824 397 850 Abbatis
413 824 490 858 prior
506 824 758 858 mappulariorum.

154 872 286 907 Angelus
303 872 398 899 Pecte.

155 920 263 947 Paulus
278 920 390 946 Nicolai
404 919 518 946 Jaconi.

154 969 259 995 Petrus
273 968 416 994 Jobannis
431 968 573 995 Guidonis
589 968 766 995 scriniarius.

153 1016 280 1044 Basilius
295 1016 438 1043 ,Iohannis
453 1017 576 1044 Nicolai.

154 1065 248 1092 Lucas
263 1065 478 1091 marmorarius.

155 1113 307 1141 Romanus
325 1113 401 1139 Petri
418 1111 534 1147 Georgii
552 1113 629 1148 prior
644 1113 863 1140 adestratorum.

155 1161 260 1189 Petrus
276 1161 408 1188 Abbatis.

155 1210 288 1245 Angelus
304 1209 402 1236 Pecte.

155 1258 321 1293 Stephanus
337 1257 448 1284 Nicolai
462 1257 604 1284 Jonannis
621 1257 753 1284 Abbatis.

155 1306 261 1332 Petrus
275 1305 418 1332 Johannis
432 1305 548 1340 Angeli.

155 1353 316 1388 Gregorius
332 1353 508 1381 Pantelonis.

153 1402 304 1429 Johannes
316 1402 467 1428 Romanus
482 1410 585 1428 cursor
599 1402 695 1428 domni
713 1411 794 1437 pape.

155 1451 289 1486 Angelus
305 1450 385 1477 Pauli
401 1450 543 1477 Johannis
559 1450 681 1477 Nicolai.

155 1498 264 1526 Omnes
279 1499 402 1534 predicti
419 1499 588 1533 mappularii
604 1502 632 1525 et
647 1499 857 1526 adrestrntores
872 1499 906 1526 ad
921 1503 1021 1526 sancta
1036 1499 1090 1526 Dei

125 1548 273 1582 evangelia
286 1549 460 1581 juraverunt
471 1547 632 1573 secundum
648 1548 768 1573 formam
780 1547 915 1582 superius
926 1551 1090 1574 annotatam

126 1595 311 1630 presentibus
338 1595 476 1629 magistro
502 1594 614 1621 Pascali
644 1595 679 1620 de
711 1595 830 1622 Godane
855 1603 967 1621 camere
992 1595 1090 1622 domni

126 1652 198 1678 pape
218 1643 337 1675 elerico,
357 1644 496 1678 magistro
513 1643 681 1670 Burchardo
702 1643 737 1669 de
756 1643 925 1678 Cal-ongeno
946 1643 978 1677 (Ἰ)
994 1644 1090 1678 capel-

125 1692 190 1718 lano
206 1692 302 1718 domni
326 1700 409 1726 pape,
428 1691 520 1718 Basso
538 1693 648 1718 notario
665 1701 777 1718 camere
793 1692 890 1719 domni
905 1701 976 1726 pape
994 1696 1022 1718 et
1041 1692 1090 1718 Ja-

124 1740 197 1766 cobo
212 1739 247 1766 de
266 1739 385 1766 Farcon.
403 1739 435 1773 (¹2)
452 1740 550 1766 domni
566 1749 638 1775 pape
654 1748 773 1767 cursore
790 1741 923 1767 testibus.

156 1788 263 1814 Actum
285 1788 416 1819 Laterani
432 1796 507 1814 anno
526 1788 640 1814 Domini
657 1787 794 1819 MCCLV,
818 1787 874 1814 VII
894 1789 958 1814 idus
975 1789 1090 1815 decem-

127 1836 198 1868 bris,
216 1835 400 1870 pontificatus
424 1844 490 1862 vero
515 1836 612 1862 domni
637 1844 708 1870 pape
731 1836 886 1862 Alexandri
906 1835 993 1866 11110.
1015 1845 1090 1863 anno

126 1893 228 1919 primo.

87 2050 255 2080 LXVIIII.
273 2066 312 2072 —
328 2050 486 2079 LlTTERE¹
502 2050 543 2080 H.
560 2058 717 2080 PREPOSITI
733 2059 772 2080 ET
787 2050 821 2080 C.
839 2059 983 2080 umorum
1000 2050 1092 2080 Nove

128 2103 278 2133 Eccmsm
290 2112 328 2132 m:
339 2105 528 2133 onssnlssNTIA
539 2112 624 2137 QUAM
634 2112 754 2133 nomme
763 2112 891 2132 ABBATIS
902 2111 1092 2133 uoms‘rssnn

128 2156 474 2186 Hnnwonmnsnsensis
496 2164 735 2185 pnnsncrnnum·
757 2165 788 2184 m
808 2165 945 2185 nmmos
964 2164 1093 2186 nuomm

127 2217 342 2238 cmmmmuu
356 2216 442 2237 sams
458 2216 648 2237 APOSTOLICE
660 2215 850 2238 LEGATORUM
864 2217 903 2237 ΕΤ
916 2217 1093 2238 ΒΕΝυΝΤιΑ-

128 2270 222 2291 'noun
240 2269 397 2290 cuiusnam
415 2268 674 2290 consonet-nomm.

167 2367 203 2395 H.
231 2367 283 2395 Dei
302 2366 405 2403 qratia
430 2374 502 2394 noue
524 2365 641 2394 ecclesie
660 2366 832 2403 prepositus
853 2371 879 2395 et
905 2367 935 2396 C.
961 2367 1094 2404 ejusdem

128 2419 245 2448 ecclesie
279 2419 444 2447 canonicus
479 2417 739 2447 Paderburnensts
770 2419 909 2455 diocesis,
940 2420 1096 2448 vuniversis

131 2472 242 2501 harum
275 2471 451 2500 litterarum
480 2471 699 2508 inspectoribus
730 2471 859 2500 salntem
891 2473 926 2500 in
956 2472 1093 2501 Domino.

129 2524 241 2553 Notum
277 2531 335 2552 esse
371 2523 513 2560 cupimus
543 2527 603 2551 tam
639 2524 827 2559 presentibus
855 2532 947 2560 quam
979 2525 1097 2559 suturis

129 2701 154 2727 1.
170 2699 251 2726 cette
266 2699 347 2733 piece
361 2697 435 2724 n'est
449 2706 502 2732 pas
516 2697 608 2729 datee.
621 2698 694 2724 mais
704 2698 731 2724 la
739 2698 864 2732 legation
875 2698 926 2725 des
942 2699 1097 2726 cardinaux

92 2747 221 2782 Hugolin
243 2746 352 2773 d’Ostie
373 2749 402 2772 et
421 2745 498 2772 Leon
513 2745 548 2771 de
564 2740 766 2772 sainte-Croix
781 2749 826 2772 est
841 2746 876 2772 de
891 2746 1000 2773 l'annee
1018 2746 1096 2774 1207.

92 2811 126 2815 —
145 2795 185 2822 Le
207 2796 309 2830 ιιι-ἑνοῖ
328 2797 356 2820 et
379 2802 417 2820 un
438 2793 489 2819 des
513 2793 672 2820 chanoiues
695 2793 730 2819 de
744 2792 857 2828 Corvey
872 2798 1039 2827 renoncent,
1061 2803 1098 2821 au

93 2851 159 2870 nom
175 2843 210 2869 de
225 2843 288 2869 leur
303 2842 385 2873 abbe,
402 2843 418 2868 ἐι
435 2842 459 2868 la
475 2844 611 2868 coutume
627 2841 661 2866 de
678 2849 712 2866 ne
729 2848 780 2875 pas
795 2841 949 2868 demander
969 2842 1098 2869 l’autori-

92 2893 188 2920 sation
212 2891 250 2918 du
276 2899 348 2925 pape
372 2898 444 2924 pour
471 2890 514 2916 les
543 2889 728 2916 translations
757 2889 842 2916 d'une
867 2890 976 2924 abbaye
1000 2892 1015 2916 a
1042 2899 1098 2917 une

90 2943 185 2967 autre.

1209 377 1302 413 hujus
1323 380 1433 415 payine
1455 381 1669 417 inspectoribus
1692 383 1770 418 qnod
1790 392 1856 411 cum
1882 384 2011 412 domnus
2033 385 2067 413 H.
2094 385 2169 414 Hos-

1211 430 1315 457 tiensis
1331 436 1356 458 et
1375 431 1560 460 l'elletrensis
1572 434 1724 470 episcopus
1737 440 1762 462 et
1778 435 1907 463 doninus
1920 437 1949 463 L.
1969 437 2053 464 tituli
2068 443 2168 466 sancte

1210 482 1315 510 Crucis
1328 485 1480 520 presbyter
1495 486 1664 514 cardinalis
1682 488 1864 524 inpartibus
1879 490 2071 518 :llatnrnanie
2087 491 2169 527 (eya-

1211 534 1303 562 tionis
1323 536 1416 571 officio
1437 538 1595 571 funyentes
1615 539 1797 567 invenerunt
1816 540 1843 567 T.
1863 541 2061 569 Corbeiensem
2080 543 2169 571 abba-

1211 590 1265 613 tem
1283 586 1317 614 de
1334 589 1514 616 monasterio
1528 589 1840 619 Heluordeslzuscnsi¹
1860 593 1937 629 qnod
1953 594 1991 621 ad
2002 594 2166 623 Romanam

1209 639 1360 666 ecclesiam
1386 640 1471 667 nullo
1494 642 1628 669 noscitur
1655 642 1803 671 mediante
1825 646 1974 680 pertinere
1990 646 2028 673 ad
2049 655 2168 674 monas-

1211 691 1320 718 teriam
1337 691 1415 727 quod
1430 693 1520 720 etiam
1536 698 1576 721 est
1592 694 1721 722 nomana
1736 696 1851 723 ecclesie
1865 698 1990 733 speciale
2003 699 2169 726 secundnm

1212 742 1298 770 illius
1323 747 1399 771 terre
1423 746 1668 774 consuetudinem
1698 748 1854 783 miyrasse,
1883 750 2004 777 licentia
2030 751 2166 786 primum

1209 794 1364 822 deserendi
1383 797 1426 824 vet
1441 797 1706 832 confirmatione...
1723 808 1739 827 a
1754 800 1862 828 domno
1875 810 1952 838 papa
1972 802 2016 830 cel
2026 803 2060 829 ab
2075 804 2171 839 ipsius

1211 847 1316 883 leyatis
1345 848 1398 884 qui
1427 849 1502 876 vices
1528 858 1598 877 suas
1625 855 1695 879 tnnc
1723 852 1752 879 in
1775 853 1914 888 partibus
1944 854 2007 881 illis
2032 856 2171 890 (serebant

1212 908 1262 927 nec
1289 900 1391 927 habita
1418 909 1467 928 nec
1493 901 1597 937 petita.
1623 902 1747 938 Propter
1771 904 1848 939 quod
1872 905 1943 932 dnm
1975 906 2070 942 ipsum
2102 916 2170 935 sus-

1208 951 1301 987 pendi
1325 952 1360 979 ab
1380 953 1470 989 offitio
1492 958 1518 980 et
1539 953 1673 989 benefitio
1696 955 1887 983 mandassent
1903 957 1992 985 donec
2009 967 2037 985 se
2052 967 2171 987 summo

1208 1004 1347 1039 pontifici
1365 1005 1408 1032 trel
1424 1013 1525 1032 eorum
1543 1007 1712 1042 conspectui
1725 1013 1938 1043 representaret
1951 1018 2040 1046 snper
2055 1020 2173 1040 escessu

1211 1062 1429 1093 prememorato
1460 1058 1576 1086 veniam
1605 1059 1770 1095 petiturus,
1806 1060 1881 1087 idem
1909 1062 1995 1089 abbas
2019 1067 2044 1090 et
2076 1064 2173 1099 ipsius

1211 1109 1330 1137 ecclesia
1353 1110 1477 1137 nuntios
1497 1119 1565 1137 suos
1585 1110 1624 1138 acl
1644 1112 1813 1139 eorumdem
1834 1114 2016 1148 presentiam
2038 1115 2172 1143 destina-

1213 1166 1294 1195 runt,
1325 1162 1378 1197 qui
1404 1161 1504 1190 «levate
1530 1163 1627 1199 ipsum
1652 1168 1678 1190 et
1705 1164 1866 1192 humiliter
1888 1171 2061 1194 excusantes
2085 1167 2173 1195 illius

1213 1218 1289 1241 terre
1318 1213 1491 1250 allegarunt
1517 1215 1761 1243 consuetudinem
1791 1217 1958 1252 generalem
1970 1229 1980 1252 s
2011 1224 2173 1247 asserentes

1214 1266 1350 1294 videlicet
1371 1266 1449 1302 qnod
1468 1276 1524 1302 pro
1541 1267 1771 1303 confirmatione
1786 1268 1938 1297 electionis
1956 1270 1999 1298 rel
2014 1272 2172 1299 obtinenda

1211 1318 1411 1346 benedictione
1433 1319 1477 1346 cel
1496 1319 1587 1346 etiam
1605 1319 1638 1347 cle
1656 1328 1714 1347 uno
1733 1321 1913 1349 monasterio
1929 1322 1967 1349 ad
1983 1322 2070 1350 alind
2087 1328 2174 1351 tran-

1211 1371 1320 1398 seundi
1335 1379 1474 1399 summus
1486 1372 1624 1407 pontifex
1639 1372 1683 1400 vel
1693 1373 1757 1408 ejus
1773 1373 1863 1409 legati
1880 1382 1936 1401 non
1952 1380 2038 1402 erant
2052 1375 2175 1411 aliqna-

1213 1427 1299 1450 tenus
1316 1423 1492 1459 requirendi
1509 1432 1577 1451 cuin
1602 1424 1631 1452 in
1658 1425 1790 1460 ipsorum
1810 1426 1950 1462 partibus
1967 1427 2037 1454 talis
2052 1435 2175 1455 consue-

1213 1475 1283 1503 tudo
1298 1476 1393 1509 suerit
1409 1476 1554 1503 hactenus
1569 1476 1735 1507 observata,
1757 1478 1843 1505 talem
1868 1478 2088 1507 nichilominus
2109 1479 2175 1508 licet

1212 1527 1457 1556 consuetudinem
1475 1529 1642 1564 [senei-alerii
1661 1533 1687 1556 et
1700 1529 1873 1565 plurimum
1890 1531 1962 1567 ipsis
1975 1532 2171 1565 commodam,

1211 1580 1238 1607 si
1252 1581 1354 1614 forsan
1368 1580 1403 1607 ab
1416 1580 1488 1616 ipsis
1500 1580 1606 1616 legatis
1616 1581 1801 1617 corriyibilis
1815 1582 1976 1617 videretur,
1987 1583 2026 1611 ad
2039 1584 2171 1620 ipsorum

1210 1632 1360 1675 placitum
1385 1637 1416 1660 nt
1436 1636 1501 1669 pote
1525 1633 1554 1660 in
1573 1642 1603 1660 eo
1624 1633 1703 1661 sicut
1727 1634 1756 1661 in
1778 1635 1917 1662 omnibus
1935 1635 1995 1670 filii
2011 1636 2173 1664 obedientie

1212 1685 1497 1721 corriyicupientes
1512 1685 1591 1713 Idem
1610 1694 1675 1713 rero
1690 1685 1781 1722 legsuti
1792 1686 1831 1713 ud
1846 1687 1977 1723 ipsorum
1994 1688 2170 1716 mandatum

1214 1742 1275 1765 tam
1291 1737 1392 1765 abbate
1411 1746 1502 1773 quam
1523 1746 1577 1765 suo
1594 1742 1740 1766 conventu
1757 1747 1847 1775 super
1863 1739 1998 1776 predicta
2014 1746 2174 1769 consuetu-

1213 1790 1283 1818 dine
1315 1789 1471 1817 retinenda
1504 1790 1548 1818 rel
1575 1790 1719 1817 abolenda
1748 1792 1984 1827 promptissimis
2008 1797 2034 1820 ct
2062 1793 2175 1821 devotis

1213 1841 1322 1870 eisdem
1342 1842 1501 1878 injanyere
1516 1847 1668 1870 curarunt
1686 1847 1716 1870 ut
1741 1851 1831 1879 super
1848 1844 1992 1879 predictis
2017 1853 2106 1872 sunm
2136 1846 2175 1873 ad

1212 1894 1309 1923 sedem
1345 1894 1536 1931 apostolicam
1576 1895 1721 1922 nuntium
1757 1895 1958 1931 destinarent,
1994 1897 2173 1925 mandatum

1213 1947 1319 1975 domni
1339 1956 1414 1984 pape
1436 1956 1526 1984 super
1541 1948 1589 1975 his
1605 1948 1702 1975 eodem
1723 1949 1832 1976 nuntio
1850 1949 1999 1976 mediante
2014 1951 2173 1986 recepturi.

1214 2000 1391 2036 Injunctnnt
1416 2000 1514 2035 iyitur
1539 2000 1596 2027 sibi
1623 2000 1788 2036 Ieyatornrn
1814 2000 1995 2028 ‘mandatnm
2022 2006 2083 2029 tam
2107 2011 2177 2038 pre-

1214 2052 1313 2081 dictus
1331 2052 1418 2080 abbas
1433 2060 1524 2088 qnam
1544 2052 1640 2089 ipsius
1661 2057 1825 2080 concentus
1846 2052 1945 2080 derote
1963 2062 1996 2081 ac
2017 2054 2179 2082 humiliter

1215 2104 1413 2141 adimplentes
1430 2112 1482 2132 nos
1496 2104 1670 2139 familiares
1686 2113 1720 2132 ac
1739 2105 1860 2132 clericos
1876 2105 1992 2133 ecclesie
2008 2114 2074 2139 sue,
2101 2107 2178 2134 sicut

1218 2159 1248 2185 in
1266 2157 1378 2185 litteris
1393 2157 1457 2184 suis
1476 2161 1535 2184 tam
1557 2156 1670 2185 clausis
1687 2165 1778 2193 quam
1795 2158 1908 2193 apertis
1921 2159 2080 2193 protestati
2094 2163 2175 2193 sunt,

1216 2209 1254 2238 acl
1271 2209 1367 2238 sedem
1387 2209 1579 2246 apostolicam
1595 2209 1801 2243 destinarunt,
1821 2214 1921 2237 ratum
1940 2210 2078 2238 habituri
2093 2212 2179 2247 qnie-

1216 2262 1291 2299 quid
1307 2262 1339 2290 in
1352 2261 1489 2298 predicta
1505 2261 1722 2290 consuetudine
1737 2261 1941 2289 conservanda
1959 2262 2002 2290 rel
2014 2263 2103 2291 etiam
2117 2264 2182 2299 ejus

1218 2314 1446 2343 renuntiatione
1463 2313 1605 2349 facienda
1624 2314 1706 2350 apud
1722 2314 1914 2351 apostolicam
1932 2315 2082 2350 egerimus
2099 2316 2181 2343 beni-

1216 2368 1376 2404 ynitatem,
1401 2367 1578 2403 plenariam
1601 2367 1695 2402 hujus
1720 2375 1806 2395 cause
1827 2367 2071 2403 procurationem
2099 2368 2181 2396 nobis

1216 2420 1445 2448 committentes.
1459 2419 1516 2447 Nos
1535 2420 1635 2456 itaque
1651 2419 1680 2446 in
1696 2419 1847 2455 presentia
1860 2418 1964 2447 domni
1979 2428 2054 2455 pape
2068 2420 2180 2448 consti-

1219 2472 1277 2499 tuti
1297 2480 1363 2499 cum
1385 2480 1442 2508 pro
1456 2471 1593 2508 predicta
1614 2470 1829 2499 consuetudine
1847 2470 1929 2507 apud
1951 2471 2046 2507 ipsius
2065 2472 2181 2500 sancti-

1219 2527 1307 2551 tatem
1336 2523 1543 2551 eaeczcsationes
1571 2523 1794 2551 intenderemus
1819 2526 1844 2550 et
1871 2523 1930 2559 ipse
1961 2523 2182 2552 nichilominus

1217 2575 1342 2603 eandem
1355 2579 1483 2604 censeret
1496 2584 1627 2612 prauam
1642 2579 1667 2603 et
1681 2575 1847 2603 canonibus
1865 2575 2039 2609 inimicam,
2059 2584 2095 2603 es·
2109 2584 2181 2604 con-

1216 2632 1301 2656 sueta
1319 2632 1419 2656 tomen
1437 2627 1595 2664 apostolice
1610 2627 1688 2655 sedis
1703 2627 1886 2663 benignitate
1907 2635 1962 2663 quc
1983 2627 2039 2654 tali
2057 2636 2181 2656 consue-

1216 2795 1240 2821 l.
1258 2795 1296 2821 Le
1313 2796 1474 2821 monastere
1490 2795 1525 2821 de
1544 2795 1850 2827 Helmwardshausen,
1871 2804 1907 2821 au
1931 2795 2046 2822 diocese
2067 2796 2101 2822 de
2125 2797 2180 2823 Pa-

1179 2842 1319 2875 dei-born,
1343 2846 1388 2869 est
1404 2844 1521 2877 marque
1537 2843 1706 2876 ci-dessus,
1724 2851 1752 2877 p.
1774 2842 1818 2869 161
1837 2844 1862 2874 b,
1884 2851 1996 2869 comme
2018 2844 2123 2871 devant
2146 2854 2182 2871 un

1179 2898 1251 2917 cens
1271 2899 1306 2916 au
1326 2890 1520 2924 Saint-Siege.
1541 2890 1636 2922 Quant
1657 2892 1673 2916 a
1697 2891 1722 2916 la
1742 2890 1854 2916 celebre
1876 2891 1984 2925 abbaye
2003 2891 2038 2917 de
2060 2892 2180 2927 Corvey,

1181 2938 1234 2965 elle
1250 2938 1352 2972 figure,
1370 2947 1398 2972 p.
1414 2938 1465 2965 ‘246
1481 2939 1506 2972 b,
1524 2947 1574 2964 sur
1588 2939 1613 2964 la
1628 2939 1692 2964 liste
1709 2938 1759 2964 des
1777 2940 1956 2966 monaster-es
1972 2946 2112 2975 exempts.
