2434 3530
87 890 111 909 ¹0

86 1153 110 1172 13

83 1415 110 1436 2⁰

82 2102 109 2121 3⁰

689 343 740 372 LE
763 343 909 374 LIBER
930 341 1164 373 CENSUUM
1189 341 1243 370 DE
1268 334 1453 373 L'EGLISE
1476 345 1686 376 ROMAINE.
2179 346 2236 378 391

182 407 405 437 Urheretanus
415 407 592 437 secundum
605 409 877 439 consuetudinem
890 408 1026 438 aliarum
1036 409 1146 438 civita-

182 464 247 490 tum
265 459 376 490 domni
392 469 479 499 pape.
496 461 532 490 Et
550 460 634 491 hanc
646 462 780 492 eandem
795 461 979 492 fidelitatem
995 462 1020 491 si
1036 462 1145 500 requi-

179 514 238 543 sita
248 513 501 544 fuet-itadomuo
511 523 588 553 papa
598 515 879 554 velsiipsisponte
889 515 1144 545 obtulerinteam

180 566 382 596 renovabunt
403 567 431 597 ei
452 567 574 606 singuli
590 567 739 598 consules
761 573 791 598 ct
814 568 1051 598 successoribus
1078 568 1146 597 suis

180 628 253 649 cum
282 628 383 650 novus
407 621 596 650 successerit
623 620 807 650 consulatus
830 621 862 650 in
888 621 1017 650 civitate
1041 620 1146 651 Urbe-

180 676 306 707 vetana‚
324 672 454 710 prestito
472 676 577 702 tamen
595 673 624 702 ei
640 673 790 703 benefitio
802 673 910 703 decem
924 672 1100 707 librat-nnn
1116 677 1147 702 et

180 733 254 754 cum
280 724 438 754 redierint
458 733 476 753 a
498 725 588 754 curia
614 726 790 764 precipient
815 725 929 764 populo
951 726 1010 755 sub
1039 730 1147 755 tenore

177 778 353 816 juramenti
378 787 442 816 quo
463 777 494 807 ei
521 777 716 807 tenebuntur
737 782 771 807 ut
789 778 932 816 juratam
959 778 1146 809 fidelitatem

179 829 298 860 domno
314 838 392 868 pape
406 829 542 859 firmiter
555 833 684 860 teneant
697 835 726 860 et
741 830 922 862 observent.
936 831 970 861 Et
986 839 1058 861 cum
1073 831 1145 862 novi

179 882 398 913 sustituuutur
419 882 452 912 in
478 882 624 912 Romana
647 882 779 913 ecclesia
802 883 941 913 Romani
962 884 1144 923 pontifices,

178 934 327 965 consules
349 939 379 965 et
404 934 540 974 populus
564 935 791 966 Urhevetanus
809 936 968 974 jurabunt
990 937 1036 966 eis
1063 937 1147 967 sicut

177 987 273 1018 modo
283 988 427 1018 fecerunt.
437 987 556 1018 domno
569 988 724 1024 Adriano,
737 997 800 1018 non
812 989 964 1028 requisito
978 989 1040 1019 alio
1051 990 1145 1020 bene-

179 1041 251 1070 ficio
266 1041 329 1070 nisi
342 1050 360 1070 x
377 1041 534 1071 librarum
552 1050 606 1080 pro
622 1041 820 1072 consulibus.
835 1042 870 1072 In
886 1042 1146 1081 expeditionibus

178 1093 290 1123 domni
307 1102 386 1132 pape
405 1094 546 1124 servient.
561 1094 590 1124 ei
603 1102 622 1123 a
639 1094 816 1124 Tintihano
834 1104 934 1134 usque
951 1095 1095 1125 Sutrium
1116 1099 1146 1125 et

178 1146 218 1176 ad
233 1146 473 1176 Tintinnanum
495 1150 525 1176 ct
542 1146 700 1177 Sutrium.
724 1147 922 1177 Juraverunt
942 1147 1039 1177 etiam
1061 1147 1145 1186 quod

179 1198 385 1228 securitatem
402 1198 588 1238 prestabunt
608 1199 728 1229 domno
752 1208 831 1238 pape
853 1200 878 1229 si
901 1199 1076 1238 aliqnando
1096 1208 1147 1230 vo—

179 1250 277 1280 luerit
291 1251 442 1281 accedere
455 1251 493 1281 ad
509 1251 671 1282 civitatem
689 1252 928 1282 Urbevetauam
949 1256 978 1282 et
994 1252 1146 1282 omnibus

178 1303 330 1334 euntibus
346 1304 384 1334 ad
401 1304 518 1343 ipsum,
538 1305 781 1335 remanentibus
797 1314 905 1335 secum
928 1310 958 1335 et
980 1305 1146 1335 redeunti-

178 1356 240 1386 bus
254 1357 294 1386 ab
311 1357 391 1396 ipso.
411 1357 556 1387 Domnus
573 1366 652 1396 papa
670 1358 812 1396 prestitis
825 1358 1022 1397 juramentis
1037 1368 1054 1388 a
1071 1367 1146 1388 con-

177 1409 303 1440 sulibus
319 1414 348 1440 et
370 1409 488 1449 populo
512 1411 718 1441 Urbevetano
736 1411 825 1441 dedit
843 1411 889 1441 eis
912 1421 967 1450 pro
989 1412 1146 1442 beneficio

178 1471 232 1493 ccc
251 1462 349 1493 libras
368 1463 624 1499 affortiatoi·un1;
649 1467 679 1493 et
703 1464 839 1502 receptis
867 1464 1092 1501 fidelitatibus,
1118 1465 1147 1494 si

177 1515 356 1554 burgenses
371 1516 638 1555 Aquepeudentis
654 1516 816 1547 voluerint
834 1517 940 1547 redire
956 1517 995 1546 ad
1013 1517 1145 1547 manda—

179 1572 247 1598 tum
265 1568 379 1599 domni
395 1578 484 1608 pape,
501 1569 626 1599 studeat
643 1569 782 1600 domnus
798 1578 877 1609 papa
893 1570 931 1600 de
951 1579 1028 1608 pace
1043 1571 1144 1601 reior-

179 1621 297 1651 manda
320 1621 405 1651 inter
424 1630 489 1658 eos,
516 1630 581 1652 non
605 1625 711 1652 tamen
736 1622 892 1652 violenter
913 1623 968 1652 sed
992 1623 1030 1652 de
1053 1623 1145 1653 coni-

178 1675 286 1704 ventia
302 1675 457 1714 partium.

137 1829 238 1863 CVII.
255 1850 294 1855 —-
314 1833 486 1863 &nuptum
511 1843 654 1864 carn-uns
677 1843 931 1865 PBRMUTaTtONJS
955 1843 993 1864 οε
1014 1834 1146 1864 Bau-ris

176 1895 217 1916 ET
235 1886 351 1916 Mona-s
367 1895 475 1916 SANGTI
490 1886 650 1917 Jonanms
666 1888 689 1916 ¹.

220 1992 254 2021 ln
279 1992 413 2022 nomine
435 1993 581 2024 Domini.
607 1993 703 2023 Anno
726 1993 890 2023 dominice
912 1993 1146 2023 incarnationis

177 2048 346 2081 m⁰c⁰n⁰vn⁰,
373 2053 460 2074 anno
484 2054 516 2074 ιιι
543 2045 748 2083 pontificatus
772 2045 885 2075 domui
914 2046 1051 2075 Adriani
1079 2047 1146 2076 1111

177 2107 266 2137 pape,
284 2098 396 2129 indict.
414 2108 447 2133 v.
465 2107 576 2128 mense
597 2098 708 2137 aprilis
730 2099 783 2128 die
801 2108 872 2135 vm,
894 2108 952 2137 ego
971 2099 1146 2129 Adinulfus

176 2151 262 2180 filius
284 2151 447 2190 quondam
469 2150 615 2180 Pandalfi
637 2151 676 2181 de
698 2151 828 2190 Aquino
852 2152 976 2190 propria
1000 2161 1070 2181 mea
1093 2161 1146 2182 vo-

176 2203 298 2234 luntate
317 2204 441 2234 cambio
459 2208 488 2233 et
507 2208 654 2242 pei-muto
673 2204 732 2234 tibi
749 2204 868 2234 domno
885 2204 1030 2235 Adriano
1045 2214 1062 2234 a
1081 2205 1147 2235 Deo

176 2256 301 2287 decreto
319 2265 447 2286 summo
465 2257 606 2295 pontifici
624 2261 654 2286 et
671 2257 847 2286 universali
865 2266 943 2296 pape
959 2258 1027 2288 1111
1044 2262 1075 2287 et
1092 2267 1147 2296 per

169 2418 195 2439 ιΑ
209 2414 377 2438 Tintinnano
394 2415 416 2438 Α
431 2427 460 2432 -
476 2419 506 2440 24
521 2415 716 2439 convenientia
732 2415 755 2439 A

167 2462 192 2482 31
211 2457 336 2482 Pandulfi
351 2465 365 2481 c

175 2607 198 2633 ¹l.
215 2607 231 2634 8
247 2607 318 2633 avril
336 2608 413 2634 1157.
434 2622 467 2628 -
483 2607 638 2640 Mrwatori,
656 2611 677 2636 t.
693 2608 750 2639 ΙΙΙ,
769 2617 796 2643 p.
814 2608 875 2636 797.
892 2615 926 2628 ‘—
943 2608 1082 2640 Albinus,
1103 2608 1145 2635 XI

135 2654 181 2682 36.
206 2655 342 2686 Adinuts,
366 2656 412 2682 fils
431 2656 467 2682 de
488 2655 614 2683 Pandulf
623 2656 786 2691 d'Aquino,
803 2657 932 2691 echarige
948 2665 1017 2683 avec
1033 2657 1058 2682 le
1073 2664 1145 2691 pape

136 2703 248 2730 Adrien
266 2703 309 2730 tv
326 2704 353 2730 le
372 2705 494 2731 sixieme
514 2705 549 2731 de
571 2705 647 2731 deux
668 2705 855 2731 chatettcnies
871 2706 982 2731 situees
1000 2706 1016 2730 a
1033 2705 1147 2731 Monte-

137 2750 259 2778 Libretti
283 2760 320 2779 eu
345 2752 462 2785 Sabine,
488 2758 588 2780 contre
611 2754 637 2779 le
661 2753 784 2780 sixieme
808 2753 843 2779 de
866 2752 892 2779 la
917 2753 1086 2780 chatellenie
1111 2753 1146 2779 de

136 2800 235 2827 Monte
250 2801 308 2827 San
324 2801 467 2828 Giovanni
487 2803 533 2836 (au
552 2802 621 2829 nord
638 2802 673 2830 de
688 2801 844 2837 Ceprano).
861 2802 934 2828 dans
949 2802 974 2828 la
991 2801 1145 2836 Campanie

136 2849 276 2876 romaine.
300 2849 355 2877 Les
378 2851 493 2878 chau-tes
516 2857 557 2878 u⁰S
581 2851 692 2879 107-111
713 2855 781 2878 sont
801 2854 897 2878 toutes
920 2851 1054 2877 relatives
1069 2853 1084 2877 a
1101 2854 1147 2877 cet

135 2898 286 2933 ecbange;
308 2898 334 2925 le
355 2907 428 2934 pape
447 2901 619 2928 contractait
640 2908 710 2927 avec
730 2903 832 2934 quatre
848 2908 1024 2934 personnes,
1041 2900 1083 2926 les
1102 2899 1147 2926 fils

137 2946 173 2973 de
197 2947 332 2978 Pandulf.
354 2947 536 2976 c’ost-z'i—dire
559 2949 694 2980 Adinulf,
718 2948 844 2975 Landulf
855 2953 884 2975 et.
906 2948 1018 2979 Lando,
1033 2949 1146 2974 chacun

137 3003 212 3030 pour
227 3004 264 3023 un
279 2996 411 3027 sixicmc.
424 3000 452 3024 et
465 2998 527 3024 leur
541 2998 623 3025 oncle
636 2997 765 3028 Rainicr‚
779 3006 851 3032 pour
862 2997 885 3023 la
898 2997 996 3023 moine
1008 2999 1144 3023 restante.

1271 412 1298 437 te
1321 414 1429 439 sancte
1449 411 1592 441 Romane
1611 413 1742 443 ecclesie
1762 414 1976 453 omnibusque
1995 414 2107 444 vestris
2125 414 2236 445 catho-

1269 460 1341 490 licis
1359 465 1595 494 successoribus
1611 465 1649 495 ad
1667 467 1892 505 proprietatem
1912 467 1943 496 in
1963 472 2163 506 perpetuum,
2182 468 2236 498 in·
2282 490 2284 492 v

1270 515 1522 546 tei-venientibus
1552 527 1608 555 pro
1639 524 1666 548 te
1695 521 1912 558 procuratorio
1941 522 2071 551 nomine
2099 521 2234 552 domino

1271 566 1429 597 Rollando
1455 569 1538 598 tituli
1565 572 1665 600 sancti
1693 572 1792 602 Marci
1816 579 1923 604 sancte
1942 574 2085 604 Romane
2102 575 2235 605 ecclesie

1269 619 1463 651 cancellario
1483 627 1511 651 et
1531 623 1655 654 L'baldo
1679 625 1761 655 tituli
1780 631 1888 656 sancte
1906 627 2016 657 Crucis
2041 627 2237 666 presbyteris

1269 672 1504 709 cardinalibus,
1521 675 1553 705 id
1573 681 1618 706 est
1641 682 1759 707 sextam
1781 680 1937 717 integram
1959 685 2078 719 partem
2096 681 2236 711 duorum

1269 730 1459 759 castrorum.
1476 728 1572 757 unius
1586 729 1739 759 destructi
1754 735 1783 760 et
1799 732 1895 761 unius
1910 732 2038 770 integri,
2055 742 2128 763 cnm
2145 742 2236 763 rocca

1269 786 1341 809 sua.
1360 787 1432 808 cum
1451 779 1601 810 domibus
1618 783 1685 812 suis
1705 784 1789 813 intus
1806 789 1836 814 et
1851 784 1983 817 deforis.
2001 795 2074 815 cum
2097 786 2189 816 terris
2205 790 2235 816 et

1270 831 1389 867 vineis,
1407 832 1568 866 ecclesiis,
1585 834 1686 870 silvis,
1705 836 1873 875 paludibus
1890 843 1918 867 et
1936 840 2099 877 pantanis,
2114 845 2143 869 et
2160 849 2234 870 cum

1269 882 1394 920 placitis
1411 889 1441 914 et
1458 885 1602 916 districto
1623 896 1682 918 suo
1700 893 1730 918 et
1748 890 1900 919 omnibus
1916 892 1982 921 suis
2000 892 2126 925 usibus.
2144 893 2236 923 utili-

1271 935 1387 965 tatibus
1403 945 1439 967 ac
1456 939 1674 976 pertinentiis,
1693 942 1806 978 positis
1824 943 1855 971 in
1874 944 2032 974 territorio
2052 944 2234 976 Sabinensi.

1269 988 1301 1016 in
1319 987 1388 1019 loco
1400 991 1454 1028 qui
1467 991 1584 1021 dicitur
1599 993 1702 1028 Britti,
1719 994 1800 1024 sicut
1815 995 1899 1025 inter
1912 1005 1986 1026 suos
1999 997 2237 1028 concluduntur

1269 1040 1351 1070 flues
1364 1066 1370 1078 ,
1389 1042 1469 1072 sicut
1486 1044 1567 1073 mihi
1587 1046 1745 1084 pertinent
1757 1047 1830 1085 jure
1847 1048 2041 1080 hereditario
2059 1056 2112 1080 aut
2134 1051 2235 1090 quali-

1269 1101 1398 1132 cunque
1414 1096 1522 1132 modo¹
1542 1098 1584 1127 sic
1605 1099 1660 1127 tibi
1678 1104 1707 1128 et
1723 1105 1830 1130 sancte
1849 1102 1991 1132 Romane
2008 1103 2138 1133 ecclesie
2155 1105 2239 1134 sicut

1269 1146 1390 1177 dictum
1407 1154 1451 1178 est
1463 1150 1589 1180 cambio
1602 1156 1628 1180 et
1643 1159 1798 1190 pet-muto.
1816 1154 1876 1184 Pro
1888 1164 1924 1185 eo
1936 1156 2020 1194 quod
2036 1165 2088 1186 ros
2103 1157 2237 1187 dedistis

1270 1199 1351 1229 mihi
1371 1208 1466 1230 causa
1488 1204 1736 1240 permutationis
1756 1210 1875 1236 sextam
1897 1213 2014 1245 partem
2035 1210 2130 1239 castri
2151 1211 2237 1249 quod

1269 1257 1399 1282 vocatur
1426 1254 1520 1283 Mons
1542 1256 1644 1285 sancti
1667 1256 1829 1287 Johaunis
1852 1267 1923 1288 cum
1948 1260 2113 1293 domibus,
2133 1263 2236 1300 terris,

1269 1304 1376 1335 vineis
1393 1310 1421 1336 et
1438 1315 1510 1336 cum
1530 1307 1644 1346 placito
1662 1314 1691 1338 et
1712 1310 1854 1341 districto
1874 1321 1930 1342 suo
1946 1318 1972 1341 et
1990 1324 2062 1344 cnm
2083 1317 2238 1346 omnibus

1270 1358 1337 1388 suis
1361 1361 1578 1397 pertinentiis,
1605 1363 1716 1400 positis
1740 1365 1898 1394 territorio
1918 1366 2129 1406 Campaninu,
2157 1370 2238 1399 sicut

1269 1411 1354 1441 inter
1368 1421 1442 1442 suos
1456 1413 1660 1445 concluditur
1675 1415 1756 1446 fines
1772 1423 1801 1446 et
1818 1422 1924 1447 sancte
1943 1420 2085 1450 Romane
2103 1421 2238 1452 ecclesie

1269 1464 1418 1502 pertinet.
1443 1466 1580 1505 Insuper
1596 1476 1654 1506 ego
1674 1468 1722 1498 vel
1739 1469 1841 1508 aliqui
1868 1472 2001 1501 fratrum
2020 1482 2165 1504 meorum
2181 1476 2237 1513 qui

1269 1521 1410 1547 castrum
1430 1523 1537 1548 tenere
1553 1519 1669 1550 debent
1683 1521 1869 1553 fidelitatem
1887 1529 1918 1553 et
1932 1524 2117 1557 hominium
2135 1528 2238 1558 facere

1269 1569 1385 1600 debent
1401 1570 1520 1601 domno
1537 1581 1616 1611 pape
1640 1574 1783 1605 Adriano
1799 1580 1830 1606 et
1845 1578 1912 1607 suis
1927 1578 2094 1609 catholicis
2111 1589 2238 1611 succes-

1269 1623 1393 1673 soribus
1410 1628 1437 1653 et
1455 1629 1563 1654 sancte
1580 1626 1724 1657 Romane
1743 1628 1889 1665 ecclesie,
1907 1635 1936 1660 et
1952 1632 2148 1671 quicumque
2163 1643 2236 1672 per-

1270 1680 1362 1714 petuo
1378 1681 1518 1707 castrum
1536 1679 1696 1709 tenuerint
1711 1680 1863 1719 adjurare
1881 1692 1934 1721 per
1950 1693 2103 1722 personas
2118 1695 2192 1716 suas
2208 1691 2239 1717 et

1270 1738 1325 1768 per
1340 1734 1479 1760 castrum
1496 1730 1592 1767 illud,
1613 1737 1643 1761 et
1657 1741 1807 1770 guerram
1829 1739 1858 1764 et
1879 1744 1987 1774 pacem
2008 1738 2112 1769 facere
2127 1743 2239 1770 contre-

1269 1791 1382 1812 omnes
1401 1782 1561 1820 homines,
1579 1789 1609 1814 et
1624 1787 1745 1816 servire
1761 1786 1881 1818 domno
1899 1798 1977 1828 pape
1998 1795 2028 1820 et
2045 1793 2237 1822 successori-

1269 1835 1329 1865 bus
1346 1837 1414 1866 suis
1428 1841 1458 1866 et
1473 1842 1581 1867 sancte
1594 1839 1739 1869 Romane
1755 1840 1898 1877 ecclesie,
1911 1843 1992 1873 sicut
2008 1853 2042 1873 ex
2057 1844 2131 1875 aliis
2142 1845 2238 1876 Cam-

1269 1888 1364 1927 panie
1389 1889 1565 1920 baronibus
1593 1892 1631 1920 ad
1654 1893 1844 1923 mandatum
1868 1899 1898 1924 et
1922 1902 2104 1935 preceptum
2128 1904 2238 1929 sancte

1270 1941 1415 1971 Romane
1432 1942 1584 1978 ecclesie;
1600 1949 1629 1973 et
1642 1953 1754 1975 omnes
1770 1946 1828 1976 alii
1843 1951 1906 1976 tam
1920 1948 2030 1979 fratres
2046 1951 2109 1980 mei
2126 1960 2237 1990 qnam-

1268 2003 1331 2032 que
1356 1999 1488 2033 patruus
1513 2005 1604 2026 meus
1621 2002 1650 2027 et
1672 1998 1730 2027 filii
1749 1999 1815 2034 sui,
1833 2004 1863 2030 et
1880 2009 1994 2031 omnes
2012 2003 2163 2034 similiter
2180 2006 2238 2044 qui

1268 2047 1300 2076 in
1318 2051 1420 2077 castro
1439 2053 1560 2086 partem
1579 2049 1753 2086 habebunt²
1766 2052 1923 2090 jurabunt
1939 2054 2016 2093 ipsis
2032 2057 2086 2095 qui
2104 2057 2240 2088 fidelita-

1270 2103 1331 2129 tem
1349 2100 1542 2138 juraverunt
1559 2102 1692 2133 domino
1714 2112 1792 2142 pape
1810 2106 1855 2135 eis
1875 2111 2016 2137 castrum
2032 2109 2114 2147 quod
2135 2120 2190 2148 per
2205 2120 2240 2141 se

1269 2152 1317 2182 vel
1342 2162 1417 2182 suas
1439 2154 1616 2185 submissas
1639 2165 1792 2194 personas
1817 2167 1880 2188 non
1904 2160 2049 2190 auferent
2073 2171 2178 2202 neque
2199 2164 2239 2194 de

1265 2205 1338 2244 jure
1359 2209 1388 2234 et
1405 2205 1551 2237 dominio
1568 2207 1693 2238 domini
1716 2218 1793 2249 pape
1815 2215 1844 2240 et
1863 2212 2093 2244 catholicorum
2112 2224 2238 2246 succes-

1269 2266 1378 2287 sorum
1395 2265 1526 2288 suorum
1545 2264 1573 2289 et
1591 2266 1698 2291 sancte
1717 2262 1860 2294 Romane
1878 2265 2012 2296 ecclesie
2031 2267 2237 2302 subtrahent:

1268 2311 1369 2340 immo
1385 2311 1412 2340 si
1428 2312 1562 2342 ecclesie
1582 2314 1725 2344 Romane
1740 2324 1819 2355 opus
1837 2317 1931 2347 fuerit
1949 2319 2113 2350 absolvent
2132 2321 2239 2352 homi-

1270 2372 1327 2393 nes
1347 2372 1420 2394 suos
1436 2365 1474 2394 de
1491 2365 1632 2403 predicto
1649 2372 1751 2398 castro
1767 2377 1785 2397 a
1801 2376 2001 2402 sacramento
2021 2376 2049 2401 et
2071 2373 2116 2403 cis
2135 2375 2238 2412 preci-

1269 2415 1358 2454 pient
1385 2422 1418 2446 ut
1441 2417 1595 2455 adjuvent
1622 2419 1788 2450 ecclesiam
1813 2422 1991 2452 Romanam
2015 2434 2088 2454 cum
2114 2426 2160 2456 eis
2182 2427 2239 2465 qui

1269 2469 1400 2499 ecclesie
1418 2470 1562 2501 Romane
1579 2472 1732 2503 fidelitate
1750 2478 1899 2505 tenentur
1917 2480 2024 2506 contra
2046 2486 2158 2508 omnes
2181 2479 2237 2509 ho-

1269 2523 1385 2552 mmes.
1399 2523 1437 2552 Et
1449 2524 1605 2562 jurabunt
1621 2533 1733 2555 omnes
1750 2526 1836 2557 hunc
1849 2533 2046 2560 contractum
2062 2531 2238 2570 adimplere

1269 2578 1297 2604 et
1313 2575 1482 2605 observare
1499 2577 1581 2606 sicut
1597 2578 1744 2616 superius
1760 2579 1880 2609 dictum
1897 2586 1954 2610 est.
1975 2582 2009 2611 Et
2025 2583 2065 2612 ab
2081 2583 2238 2614 hodierna

1268 2627 1321 2658 die
1336 2628 1499 2658 licentiam
1517 2633 1545 2659 el
1565 2636 1748 2669 potestatem
1764 2632 1910 2663 habeatis
1924 2635 2078 2671 intrandi,
2094 2637 2236 2673 tenendi,

1269 2681 1398 2716 utendi,
1424 2682 1567 2717 fruendi,
1589 2685 1768 2720 vendendi,
1792 2685 1933 2722 locandi,
1957 2689 2190 2728 conmut[ajndi
2207 2695 2237 2719 et

1268 2734 1421 2772 quicquid
1440 2735 1603 2765 volueritis
1620 2737 1658 2765 ad
1678 2746 1771 2767 usum
1787 2744 1815 2767 et
1833 2739 2000 2770 utilitatem
2019 2741 2048 2770 b.
2065 2742 2147 2772 Petri
2166 2751 2236 2781 per-

1270 2792 1362 2825 petuo
1390 2787 1542 2825 placuerit
1570 2789 1722 2824 faciendi.
1748 2796 1875 2830 excepto
1899 2792 2009 2823 Odone
2040 2794 2181 2825 Bobonis
2207 2800 2239 2825 et

1259 2963 1273 2982 Β
1285 2957 1343 2981 suis
1357 2964 1413 2981 om.
1425 2958 1528 2984 A—22
1539 2959 1639 2983 debent
1654 2965 1713 2989 <et
1727 2966 1841 2992 patruus
1855 2970 1932 2987 meus
1946 2965 1988 2988 vel
2003 2965 2102 2996 aliquis
2117 2967 2237 2992 filiorum

1228 3007 1342 3024 suorum
1350 3001 1478 3026 similiter
1487 3002 1535 3032 qui
1543 3006 1662 3027 castrum
1672 3007 1765 3029 tenere
1775 3005 1909 3031 debent>
1919 3008 1940 3031 Α
1950 3021 1979 3025 -
1987 3013 2018 3033 ΔΑ
2027 3011 2205 3034 conmutendi
2215 3011 2237 3035 G

2291 902 2317 920 ίῠ

2293 1165 2318 1184 15

2292 1958 2318 1978 ³⁰
