2434 3530
84 884 108 903 ¹⁰

82 1147 106 1165 ¹5

78 1409 105 1428 ΞΟ

76 1671 102 1691 25

76 1935 102 1954 30

76 2200 101 2219 35

75 2464 101 2483 40

686 338 736 367 LE
760 337 905 367 mem
928 335 1161 367 CENSUUM
1186 335 1240 364 DE
1264 327 1450 367 nastasia
1474 338 1682 368 aemma.
2177 340 2235 371 367

182 406 246 431 turn
280 402 340 431 Dei
371 402 418 431 vel
447 403 541 432 fidem
567 403 827 433 Christianorum
859 403 907 433 vel
938 401 1143 432 stabilitatem

179 454 378 492 procuranda
397 455 514 484 suerint
533 455 755 494 disponantur.

220 507 256 535 Et
279 507 372 536 infra.
399 507 549 538 Ecclesiis
571 508 738 539 beatorum
762 508 975 546 apostolorum
1002 507 1090 537 Petri
1115 510 1144 536 et

178 559 269 588 Pauli
284 568 339 598 pro
350 561 893 599 concin[1=]ationeluminariorum,
905 561 1142 599 possessionum

177 613 285 650 predia
302 613 497 643 contulimus
514 619 544 643 et
567 615 661 643 rebus
682 615 817 643 diversis
836 623 888 643 eas
907 614 1097 648 ditavimus,
1115 617 1145 642 et

177 675 232 704 per
254 667 421 704 nostra[m]
444 666 645 705 imperialem
664 667 842 704 jussionem
866 675 1001 702 sacram,
1023 670 1086 695 tam
1110 666 1142 694 in

176 719 299 748 oriente
322 728 418 757 quam
442 719 476 748 iu
501 719 665 748 occidente
681 719 730 748 vel
752 719 848 748 etiam
866 727 883 747 a
899 717 1144 757 septentrionali

176 775 206 799 et
223 771 425 800 meridionali
446 770 549 809 plaga,
570 771 718 801 videlicet
735 772 766 800 in
783 771 898 807 Judea‚
911 771 1036 805 Grecia,
1051 770 1141 806 Asia,

176 823 302 858 'Fi-acia,
328 824 448 853 Affrica
471 828 501 853 et
527 823 645 853 Ithalia
669 823 716 853 vel
738 824 874 853 diversis
897 823 1013 852 insulis
1036 826 1143 853 nostra

175 876 322 914 largitate
349 876 396 905 eis
420 876 657 914 concessimus,
677 886 712 906 ea
738 885 865 914 prorsus
886 876 1008 905 ratione
1032 879 1067 905 ut
1090 884 1144 913 per

176 938 291 958 manus
307 929 487 958 beatissimi
504 929 602 967 patris
621 929 722 958 nostri
737 929 883 959 Silvestri
901 928 1021 958 summi
1039 928 1142 966 ponti-

176 982 244 1011 ficis
259 990 546 1020 successorumque
565 982 633 1020 ejus
651 982 762 1011 omnia
779 981 1004 1019 disponantur.

215 1035 252 1064 Et
274 1034 370 1064 infra.
396 1035 491 1064 Beato
514 1033 669 1064 Silvestro
690 1038 720 1064 et
739 1034 890 1064 omnibus
906 1033 1143 1063 successoribus

175 1086 243 1124 ejus
269 1086 308 1115 de
338 1086 479 1125 presenti
511 1086 667 1116 tradimus
697 1087 849 1124 palatium
880 1086 1008 1124 imperii
1041 1085 1142 1115 nostri

176 1139 406 1175 Lateranense‚
427 1139 542 1168 deinde
564 1139 728 1175 diadema,
746 1138 895 1168 videlicet
919 1147 1067 1168 coronam
1091 1147 1141 1168 ca-

175 1191 246 1229 pitis
269 1191 386 1227 nostri,
406 1191 568 1229 simulque
591 1191 745 1229 frigium,
766 1200 824 1221 nec
845 1200 908 1220 non
932 1195 962 1220 et
983 1191 1141 1229 superhu-

175 1242 308 1280 merale,
336 1243 484 1273 videlicet
513 1243 617 1273 lorum
647 1243 730 1281 quod
759 1243 926 1281 imperiale
955 1243 1141 1273 circondare

171 1295 286 1325 assolet
302 1295 437 1332 collum,
458 1305 570 1325 verum
592 1296 686 1325 etiam
705 1300 736 1325 et
755 1295 924 1325 clamidem
947 1304 1139 1333 pnrpuream

172 1353 266 1387 atque
285 1349 427 1378 tunicam
445 1349 630 1378 coccineam
651 1354 682 1378 et
706 1349 816 1378 omnia
843 1348 1022 1387 imperialia
1047 1348 1140 1377 indu-

175 1404 284 1430 menta
307 1410 361 1430 seu
386 1405 417 1430 et
443 1401 635 1439 dignitatem
661 1401 880 1440 imperialium
907 1401 1141 1440 presidentium

172 1455 337 1493 equitum,
360 1455 560 1485 conferentes
586 1456 614 1484 ei
641 1455 735 1484 etiam
763 1454 945 1493 imperialia
970 1455 1087 1493 scripta
1112 1458 1142 1484 et

173 1516 303 1537 omnem
328 1508 564 1546 processionem
584 1507 762 1546 imperialis
779 1507 933 1536 culminis
956 1511 986 1536 et
1005 1506 1139 1545 gloriam

171 1561 333 1598 potestatis
350 1564 467 1590 nostre.

213 1613 299 1643 Viris
321 1614 416 1643 etiam
440 1613 723 1650 reverentissimis,
740 1613 865 1643 clericis
881 1613 1001 1643 diversi
1016 1613 1140 1643 ordinis

171 1665 278 1695 eidem
316 1670 520 1695 sacrosancte
556 1666 702 1695 Romane
741 1665 872 1696 ecclesie
907 1666 1139 1704 servientibus,

171 1718 253 1748 illud
270 1718 398 1748 culmen
423 1718 561 1757 singulis
584 1719 725 1757 potentie
747 1724 777 1748 et
799 1719 1004 1757 precellentie
1021 1718 1140 1749 habere

170 1771 335 1801 sancimus
359 1772 451 1809 cujus
480 1770 701 1810 amplissimus
727 1776 835 1801 noster
861 1775 990 1801 senatus
1014 1771 1139 1801 videtur

170 1823 272 1861 gloria
295 1818 460 1858 adornari,
479 1823 511 1852 id
530 1828 576 1853 est
592 1824 735 1861 patritios
752 1827 781 1852 et
796 1823 943 1854 consules
960 1824 1060 1860 effici,
1081 1833 1140 1854 nec

171 1884 236 1906 non
256 1881 286 1905 et
307 1877 421 1906 ceteris
444 1876 658 1914 dignitatibus
682 1876 904 1914 imperialibus
926 1885 978 1907 eos
993 1877 1137 1915 promul—

170 1938 285 1967 gamus
302 1929 457 1959 decorari.
475 1930 514 1958 Et
532 1930 612 1958 sicut
629 1929 804 1967 imperialis
821 1934 903 1959 extat
920 1930 1063 1959 decorata
1079 1930 1139 1959 mi-

171 1982 257 2018 litia,
275 1983 317 2011 ita
339 1982 460 2011 clerum
484 1983 631 2012 Romane
649 1981 779 2011 ecclesie
795 1983 903 2012 ornari
922 1983 1137 2012 decernimus.

212 2035 250 2064 Et
265 2035 540 2073 quemadmodum
558 2034 736 2072 imperialis
760 2039 893 2072 potestas
913 2035 1049 2065 diversis
1066 2036 1137 2066 olfi-

175 2087 225 2117 tiis
240 2087 513 2117 cubiculariorum
530 2096 646 2126 nempe
663 2091 691 2116 et
710 2087 937 2118 hostiariorum
955 2092 1050 2127 atque
1069 2098 1138 2118 om-

171 2140 263 2170 nium
284 2141 504 2170 excubitorum
524 2144 666 2175 ornatur,
684 2140 728 2169 ita
748 2143 777 2169 et
795 2145 938 2170 sanctam
958 2141 1137 2170 Romanam

170 2192 337 2223 ecclesiam
354 2192 496 2223 decorari
512 2192 671 2222 volumus.

212 2246 249 2275 Et
267 2250 302 2275 ut
323 2245 524 2284 amplissime
542 2245 726 2284 pontificale
750 2245 846 2275 decus
871 2246 1060 2284 prefulgeat,
1082 2246 1136 2276 de—

169 2300 334 2329 cernimus
359 2303 389 2328 et
411 2298 470 2328 hoc
493 2303 528 2329 ut
554 2298 662 2328 clerici
688 2299 831 2337 ejusdem
857 2304 964 2328 sancte
991 2299 1138 2329 Romane

169 2351 302 2381 ecclesie
324 2351 483 2390 mappulis
505 2355 534 2380 et
558 2351 824 2388 linteaminibus,
846 2352 879 2381 id
904 2356 951 2381 est
972 2352 1136 2381 candidis-

171 2405 252 2434 simo
274 2404 379 2434 colore
399 2404 561 2434 decoratos
585 2413 683 2443 equos
702 2405 855 2443 equitent.
875 2405 912 2434 Et
931 2404 1013 2434 sicut
1030 2408 1138 2434 noster

170 2461 300 2487 senatus
318 2457 538 2487 calciamentis
556 2458 654 2487 utitur
672 2466 746 2487 cum
764 2457 934 2493 udonibus,
953 2457 983 2486 id
1000 2461 1045 2487 est
1060 2466 1135 2487 can-

169 2510 244 2540 dido
266 2510 473 2547 linteamine,
490 2510 704 2547 illustrentur,
722 2514 751 2540 et
771 2511 815 2540 ita
830 2510 958 2541 celestia
974 2511 1055 2540 sicut
1075 2515 1135 2540 ter-

169 2570 246 2592 rena
263 2562 303 2591 ad
318 2562 447 2592 laudem
464 2563 524 2592 Dei
540 2563 741 2592 decorentur.

210 2615 297 2654 [P]re
326 2619 432 2645 autem
462 2615 614 2645 omnibus
645 2615 809 2645 licentiam
844 2616 1015 2646 tribuimus
1044 2617 1135 2646 beato

162 2772 167 2791 ι
185 2765 299 2789 deorum
313 2766 336 2788 A
352 2778 380 2781 —
396 2770 411 2790 Ι.
425 2767 518 2794 <et>
529 2772 578 2796 pro
591 2766 613 2789 A
626 2778 653 2782 -
665 2771 678 2790 6
690 2769 846 2790 nostrarum
859 2766 903 2790 AC
915 2779 945 2783 —-
957 2772 970 2791 ε
983 2766 1136 2789 meridiana

129 2809 177 2833 AD
190 2823 219 2826 —
232 2815 245 2834 9
259 2809 365 2839 Tracia]
378 2809 474 2832 Thatia
486 2810 508 2833 A
519 2823 549 2826 —
560 2810 653 2833 Africa
665 2810 711 2833 AD
725 2810 847 2833 —Italia
858 2810 905 2833 AD
918 2823 947 2826 —
963 2814 987 2834 14
997 2810 1042 2840 de]
1055 2810 1100 2833 die
1113 2810 1133 2833 D

128 2867 158 2871 --
173 2854 238 2884 imp.
252 2853 351 2883 nostri]
366 2856 491 2876 nostrum
505 2853 552 2876 AD
567 2866 597 2870 -—
612 2859 635 2878 17
650 2854 821 2877 circumdare
835 2854 882 2877 AD
898 2867 928 2871 --
946 2859 970 2879 18
983 2854 1054 2877 solet
1067 2855 1089 2877 A
1104 2867 1134 2871 —

128 2903 152 2922 21
166 2897 267 2928 scripta.
278 2897 448 2927 <simulque
461 2900 559 2920 cuncta
571 2897 649 2928 signa
662 2900 744 2928 atque
756 2899 855 2928 banna,
867 2899 949 2921 etiam
963 2898 1073 2922 diversa
1087 2905 1133 2921 or-

129 2943 257 2965 namenta
268 2941 444 2971 imperalia>
456 2941 477 2964 D
490 2955 519 2958 —
529 2946 559 2966 26
571 2942 718 2971 singularis
728 2942 748 2965 D
761 2955 790 2958 —
802 2947 825 2967 31
838 2944 997 2970 <sancte>
1010 2942 1132 2966 Romane

129 2985 177 3009 AD
194 2998 223 3002 —
238 2990 268 3010 [ιο
284 2985 443 3009 undonibus
460 2985 482 3008 A
497 2998 527 3003 —
541 2990 571 3010 43
587 2985 648 3015 Pro]
667 2985 708 3009 Ire
723 2984 742 3009 C
757 2999 786 3003 ,-
802 2986 929 3009 omnibus
945 2988 1036 3009 autem
1053 2985 1100 3009 AD

1269 402 1423 432 Silvestro
1440 408 1469 433 et
1485 405 1721 434 successoribus
1737 405 1805 443 ejus
1821 415 1856 435 ex
1876 411 1982 435 nostro
1999 406 2120 436 indictu
2137 416 2232 446 quem

1269 454 1408 492 placatus
1427 457 1553 494 proprio
1574 457 1711 487 concilio
1728 457 1880 487 clericare
1902 458 2053 494 voluerit,
2074 460 2151 489 etin
2171 469 2234 490 nu-

1267 515 1356 536 mero
1381 507 1605 545 religiosorum
1634 509 1825 539 clericorum
1851 519 2083 548 cognumerare
2104 513 2233 543 nullum

1267 568 1302 587 ex
1317 560 1469 589 omuibus
1487 567 1726 598 presumentem
1744 563 1878 600 superbe
1895 573 2000 601 agere.

1310 612 1518 641 Deci-evimus
1542 614 1647 652 itaque
1675 624 1708 643 ex
1736 615 1806 650 hoc,
1838 620 1870 645 ut
1891 617 1958 654 ipse
1982 621 2011 646 et
2037 626 2234 649 successores

1266 665 1335 702 ejus
1348 664 1538 702 diademate,
1554 666 1702 696 videlicet
1714 676 1831 697 corona
1846 678 1942 707 quam
1960 679 1994 698 ex
2012 671 2112 708 capite
2125 675 2234 701 nostro

1267 716 1314 745 illi
1334 718 1566 754 concessimus,
1581 728 1615 747 ex
1635 728 1714 749 auro
1729 721 1902 758 purissimo
1919 726 1947 750 et
1963 723 2100 759 gemmis
2117 724 2235 761 precio-

1267 769 1310 798 sis
1332 769 1378 798 nti
1400 769 1537 799 debeant
1555 780 1609 808 pro
1626 771 1748 801 honore
1764 772 1845 802 beati
1863 773 1959 803 Petri.
1983 774 2053 812 Ipse
2069 784 2142 805 vero
2159 775 2233 806 bea-

1267 821 1413 851 tissimus
1428 832 1506 861 papa
1527 832 1622 862 super
1635 832 1785 854 coronam
1805 825 1972 855 clericatus
1988 837 2082 865 quam
2099 828 2234 865 geritad

1265 874 1402 911 gloriam
1428 875 1510 905 beati
1533 876 1618 905 Petri
1643 877 1711 914 ipsa
1732 886 1768 906 ex
1792 886 1870 908 auro
1895 888 1957 909 non
1985 884 2030 909 est
2051 890 2160 918 passus
2189 882 2234 911 uti

1265 936 1392 957 corona.

1305 980 1451 1017 Frigium
1480 990 1553 1010 vero
1576 982 1713 1011 candido
1736 984 1838 1013 nitore
1860 984 2046 1022 splendida,
2072 996 2232 1017 resurree—

1266 1033 1383 1062 tionem
1404 1033 1598 1063 dominicam
1619 1035 1810 1072 designans,
1836 1037 1906 1074 ejus
1928 1038 2143 1069 sacratissimo
2162 1049 2233 1070 ver-

1266 1086 1318 1115 tici
1337 1086 1487 1115 mauibus
1512 1087 1629 1116 nostris
1647 1087 1877 1125 imposuimus;
1896 1094 1925 1118 et
1943 1094 2086 1120 tenentes
2103 1091 2230 1122 frenum

1264 1138 1340 1176 equi
1362 1137 1469 1172 illius,
1495 1147 1550 1176 pro
1575 1140 1755 1168 reverentia
1778 1140 1860 1169 beati
1887 1141 1972 1170 Petri
1998 1143 2138 1172 stratoris
2162 1144 2231 1173 offi-

1266 1191 1345 1219 tium
1363 1191 1574 1221 exhibuimus
1589 1202 1594 1227 3
1614 1196 1789 1221 statuentes
1804 1193 1913 1222 eodem
1928 1194 2023 1232 f1·Igio
2036 1203 2147 1225 omnes
2161 1197 2231 1234 eJus

1263 1251 1461 1272 successores
1484 1244 1693 1281 singulariter
1714 1245 1757 1273 uti
1779 1246 1810 1274 in
1828 1247 2085 1283 processionibus
2101 1248 2139 1276 ad
2156 1249 2231 1278 imi-

1266 1296 1416 1325 tationem
1436 1296 1563 1333 imperii
1581 1297 1694 1327 nostri.

1302 1348 1400 1378 Unde
1423 1353 1457 1378 ut
1480 1357 1542 1378 non
1568 1350 1761 1387 pontificalis
1778 1359 1854 1388 apex
1879 1351 2025 1387 vilescat,
2053 1352 2107 1382 sed
2126 1354 2231 1391 magis

1263 1410 1361 1439 quam
1380 1401 1498 1430 terreni
1516 1402 1646 1439 imperii
1660 1402 1802 1439 dignitas
1818 1403 1919 1441 gloria
1936 1408 1965 1433 et
1980 1405 2120 1442 potentia
2136 1406 2230 1436 deco-

1263 1457 1363 1489 retur,
1378 1461 1449 1483 ecco
1464 1457 1525 1482 tam
1539 1453 1692 1492 palatium
1707 1459 1864 1491 nostrum,
1877 1465 2037 1495 quamque
2051 1457 2228 1488 Romanam

1264 1505 1384 1535 Urbem
1407 1510 1437 1535 et
1456 1514 1569 1535 omnes
1588 1506 1704 1536 Ithalie
1722 1516 1776 1536 seu
1795 1507 2044 1538 occidentalium
2062 1511 2231 1548 regionum

1262 1558 1458 1596 provintias,
1478 1558 1562 1594 loca,
1585 1558 1731 1589 civitates
1747 1560 1932 1590 beatissimo
1947 1562 2089 1600 pontifici
2106 1568 2136 1592 et
2152 1564 2229 1593 uni-

1263 1610 1381 1640 versali
1409 1620 1487 1650 pape
1517 1611 1670 1641 Silvestro
1698 1612 1918 1643 contradimus
1945 1618 2041 1652 atque
2070 1615 2229 1655 relinqui-

1263 1672 1353 1700 muS,
1377 1668 1407 1693 et
1428 1664 1468 1693 ab
1489 1672 1525 1693 eo
1545 1668 1575 1693 et
1594 1673 1612 1693 a
1633 1665 1871 1704 successoribus
1889 1667 1957 1704 ejus
1978 1676 2033 1705 per
2054 1669 2228 1706 pragmati-

1262 1725 1335 1746 cum
1361 1717 1570 1746 constitutum
1596 1718 1799 1747 decernimus
1823 1717 2023 1757 disponenda
2045 1725 2140 1759 atque
2162 1721 2229 1760 juri

1263 1773 1372 1798 sancte
1389 1770 1534 1799 Romane
1550 1769 1683 1800 ecclesie
1699 1770 1907 1801 concedimus
1922 1774 2152 1809 permanenda.

1303 1822 1397 1851 Unde
1414 1830 1592 1860 congruum
1609 1823 1834 1861 prospeximus
1849 1829 1993 1854 nostrum
2009 1825 2181 1864 imperium
2198 1832 2230 1857 et

1263 1875 1354 1912 regni
1371 1878 1555 1912 potestatem
1571 1876 1604 1904 iu
1618 1875 1829 1905 orientalibus
1843 1877 2009 1906 transferri
2026 1878 2226 1917 regionibus,

1261 1919 1340 1956 etin
1360 1927 1502 1957 Bizantie
1518 1928 1680 1966 provintie
1696 1929 1816 1966 optimo
1834 1928 1901 1958 loco
1916 1930 2043 1959 nomini
2059 1936 2165 1962 nostro
2181 1933 2227 1962 ci-

1262 1981 1390 2009 vitatem
1411 1980 1552 2009 edificari
1573 1984 1602 2008 et
1619 1985 1765 2010 nostrum
1784 1981 1851 2010 illic
1870 1983 2021 2012 constitui
2039 1983 2225 2022 imperium.

1301 2033 1462 2068 Quoniam
1486 2033 1539 2062 ubi
1562 2033 1663 2072 capud
1684 2034 1883 2064 sacerdotum
1907 2038 1937 2064 et
1955 2035 2132 2066 christiane
2151 2038 2226 2067 reli-

1261 2085 1368 2122 gionis
1392 2085 1493 2124 capud
1516 2085 1556 2114 ab
1580 2086 1772 2124 imperatore
1795 2086 1906 2116 celesti
1928 2089 2136 2118 constitutum
2162 2095 2226 2127 est,

1257 2139 1381 2176 justum
1410 2147 1474 2168 non
1506 2143 1554 2168 est
1583 2143 1617 2168 ut
1645 2139 1714 2169 illic
1740 2140 1913 2179 imperator
1942 2146 2086 2171 terrenus
2113 2142 2229 2173 habeat

1260 2195 1458 2229 potestatem.
1495 2192 1562 2221 Hec
1594 2201 1668 2222 vero
1702 2193 1812 2222 omnia
1843 2202 1906 2231 que
1937 2203 1993 2232 per
2024 2195 2227 2234 imperialem

1260 2253 1382 2274 sacram
1407 2248 1436 2273 et
1459 2244 1612 2283 specialia
1630 2245 1750 2274 divalia
1768 2246 1892 2275 decreta
1912 2247 2084 2277 statuimus
2103 2253 2130 2278 et
2149 2258 2226 2279 con—

1259 2297 1480 2332 firmavimus,
1510 2306 1612 2336 usque
1638 2298 1672 2326 in
1702 2298 1802 2327 finem
1828 2299 1941 2328 mundi
1968 2299 2092 2330 illibata
2121 2306 2151 2330 et
2177 2302 2228 2331 in-

1259 2358 1413 2379 concussa
1437 2358 1568 2379 manere
1586 2350 1802 2381 decernimus.
1828 2352 1922 2381 Unde
1944 2361 2050 2382 coram
2070 2354 2136 2384 Deo
2156 2355 2228 2384 vivo

1258 2403 1386 2441 quinos
1403 2411 1537 2440 regnare
1557 2403 1694 2441 precepit
1707 2408 1746 2445 ,et
1769 2413 1874 2433 coram
1894 2405 2031 2434 terribili
2052 2407 2121 2444 ejus
2137 2407 2225 2444 judi-

1259 2455 1301 2485 tio
1324 2459 1521 2494 optestamur
1545 2464 1658 2485 omnes
1681 2461 1806 2486 nostros
1833 2466 2030 2487 successores
2055 2459 2225 2497 imperato-

1259 2517 1309 2538 res
1330 2507 1379 2537 vel
1403 2513 1535 2537 cunctos
1559 2508 1747 2546 optimates,
1775 2513 1917 2548 satrapas
1944 2511 2038 2540 etiam
2063 2511 2224 2549 amplissi-

1259 2569 1413 2599 mumque
1431 2564 1578 2589 senatum
1595 2566 1625 2590 et
1643 2561 1831 2590 universum
1847 2561 2002 2599 populum
2020 2563 2053 2591 in
2071 2567 2134 2593 toto
2149 2564 2225 2594 orbe

1259 2619 1437 2649 terrarum,
1456 2622 1543 2643 nunc
1559 2618 1588 2643 et
1605 2613 1639 2642 in
1654 2617 1832 2652 posterum,
1852 2614 1933 2644 nulli
1950 2623 2061 2644 eorum
2078 2625 2224 2655 quoquo-

1248 2816 1261 2835 2
1277 2810 1395 2834 consilio
1412 2810 1432 2833 D
1447 2823 1477 2827 —
1493 2815 1506 2835 3
1522 2817 1721 2834 connumerare
1738 2811 1784 2834 AD
1799 2824 1829 2829 —
1844 2817 1858 2836 5
1874 2815 1899 2835 et
1916 2813 1967 2836 hoc
1984 2813 2030 2836 AD
2047 2826 2077 2831 —-
2095 2820 2119 2839 15
2135 2815 2223 2845 ipsius

1216 2854 1263 2878 AD
1290 2867 1319 2870 —
1345 2854 1457 2877 statoris
1478 2854 1500 2877 A
1525 2867 1554 2871 -
1579 2854 1698 2878 officium
1722 2855 1828 2883 <illi>
1853 2856 1900 2879 AD
1925 2870 1954 2873 —
1979 2862 2008 2882 22
2033 2857 2122 2882 Ytalie
2147 2860 2170 2882 A
2193 2872 2224 2877 -—·

1215 2903 1244 2923 23
1260 2898 1453 2928 perspeximus
1469 2897 1516 2921 AD
1532 2911 1561 2915 —
1576 2903 1604 2923 29
1621 2899 1649 2921 in
1665 2905 1720 2922 om.
1735 2899 1756 2923 D
1771 2911 1799 2917 -
1814 2904 1843 2925 30
1858 2900 1979 2924 Bisantie
1994 2902 2016 2925 A
2031 2915 2061 2919 —
2077 2907 2106 2928 32
2121 2904 2222 2935 capud]

1216 2941 1387 2971 principatus
1404 2941 1425 2964 D
1441 2953 1472 2959 —
1488 2947 1518 2966 35
1533 2948 1582 2972 per
1597 2942 1733 2971 <hane>
1750 2943 1796 2966 AD
1816 2956 1844 2960 —
1864 2949 1893 2969 36
1909 2945 2050 2977 specialia]
2068 2953 2116 2977 per
2132 2948 2185 2971 alia
2200 2948 2222 2972 D

1215 2998 1244 3002 —
1259 2990 1288 3010 38
1304 2992 1464 3016 permanere
1480 2985 1527 3009 AD
1544 2999 1572 3004 —
1587 2991 1618 3011 ko
1633 2988 1804 3011 obtestamur
1818 2988 1866 3012 AD

2290 894 2314 912 10

2288 1155 2312 1173 ί5

2283 1943 2309 1961 30

2279 2468 2305 2486 ⁴0
