2434 3530
230 316 287 347 338

270 380 456 410 monachus.
479 380 536 408 Cui
559 379 653 407 etiam
675 378 870 407 monasterio
890 378 973 407 dona
993 377 1134 416 plurima
1155 385 1228 407 cum

270 433 435 471 privilegio
451 431 618 469 apostolice
636 431 719 460 sedis
738 430 885 460 contulit.

309 485 488 522 Stephanus
511 484 549 512 ob
573 484 812 512 infestationem
839 483 966 512 Aistulfi
993 483 1077 520 regis
1104 484 1228 521 Longo-

269 538 438 567 bardorum
464 545 596 574 pergens
622 536 786 564 Frantiam
810 536 902 564 unxit
922 535 1077 573 Pipinnm
1098 535 1227 564 fratrem

268 590 376 619 Karoli
404 589 489 626 regis
511 594 539 618 et
562 589 640 618 duos
663 588 745 618 filios
766 589 834 627 ejus
855 589 888 618 in
911 598 999 626 reges
1017 589 1225 618 Francorum.

267 644 327 679 Qui
345 652 396 671 rex
412 641 508 671 simul
523 650 596 671 cum
613 650 649 671 eo
665 642 800 670 veniens
816 641 941 671 Italiam
958 641 1087 671 abstulit
1102 642 1227 671 Raven-

268 706 340 725 nam
365 701 393 724 et
414 705 451 723 xx
475 695 552 724 alias
576 695 722 723 civitates
744 695 847 724 eidem
870 694 1007 724 Aistulfo
1030 698 1058 724 et
1077 695 1136 724 sub
1157 695 1228 732 jure

267 749 365 778 sancti
390 747 475 776 Petri
498 746 637 783 redegit3
661 746 745 776 unde
769 746 863 775 etiam
889 747 1041 784 patricius
1063 747 1227 776 Romanus

267 802 395 830 effectus
422 804 476 828 est.
507 799 567 828 Hic
595 799 668 828 [ecit
693 798 932 828 ordinationem
963 809 969 827 1
1002 808 1055 836 per
1083 807 1228 828 mensem

268 854 385 890 martii,
396 853 596 891 presbyteros
608 862 640 885 ιι,
653 852 801 881 diaconos
816 861 848 885 ιι,
865 852 1026 889 episcopos
1037 860 1092 889 per
1103 851 1229 880 diversa

266 907 332 936 loca
352 914 486 935 numero
502 915 559 934 1111.
579 904 666 934 Obiit
686 913 717 933 w
733 904 776 933 kl.
795 904 894 934 madii
912 909 941 934 et
959 903 1101 942 sepultus
1124 907 1170 933 est
1192 904 1227 933 in

266 959 397 988 basilica
413 958 493 987 beati
513 958 597 986 Petri
613 956 756 994 apostoli.

307 1010 427 1040 Paulus
443 1010 746 1039 fecitordinationes
764 1019 784 1038 ιι
806 1018 859 1048 per
875 1018 1019 1039 mensem
1036 1010 1225 1047 decembris,

267 1064 466 1102 presbyteros
482 1072 536 1098 xii,
554 1062 704 1092 diaconos
721 1072 749 1097 x,
768 1062 927 1100 episcopos
948 1071 1002 1100 per
1018 1062 1228 1100 diversajloea

265 1125 400 1146 numero
416 1125 487 1145 xxv.

304 1168 559 1207 Cons[tan]tinus
592 1168 698 1197 adhuc
732 1168 849 1204 laicus,
881 1168 1054 1207 neophitus
1086 1169 1224 1205 scilicet,

264 1222 371 1251 sedem
387 1221 507 1250 invasit
524 1220 740 1258 apostolicam.

303 1274 485 1312 Stephanus
517 1273 588 1302 fecit
623 1273 857 1302 ordinationem
884 1283 893 1302 1
921 1283 976 1311 per
1001 1282 1144 1303 mensem
1169 1274 1225 1303 de-

262 1327 411 1362 cembriS,
442 1326 640 1364 presbyteros
666 1335 697 1361 v,
726 1326 877 1355 diaconos
902 1336 958 1362 1111,
986 1327 1147 1365 episcopos
1171 1336 1226 1365 per

263 1379 387 1409 diversa
405 1379 471 1408 loca
492 1387 626 1408 numero
644 1388 697 1407 xn.

303 1432 467 1461 Adrianus
488 1431 561 1460 fecit
577 1431 797 1460 ordinationes
823 1441 843 1460 11
867 1441 920 1470 per
939 1441 1083 1461 mensem
1103 1433 1223 1469 martii,

264 1485 464 1524 presbyteros
486 1493 585 1518 xxnn,
606 1484 755 1513 diaconos
776 1493 830 1520 vn,
851 1484 1014 1522 episcopos
1030 1493 1084 1522 per
1100 1485 1226 1514 diversa

263 1537 329 1566 loca
346 1544 479 1565 numero
497 1544 625 1569 ccxxxv,
641 1539 669 1565 et
686 1535 827 1573 sepultus
843 1536 875 1565 in
893 1537 1024 1566 basilica
1041 1537 1122 1566 beati
1142 1538 1226 1567 Petri

261 1588 404 1627 apostoli.
428 1587 530 1625 Hujus
554 1588 697 1625 precibus
714 1592 840 1617 vocatus
857 1589 995 1618 Kar-olus
1012 1590 1151 1627 Magnus
1172 1600 1225 1620 su-

264 1651 318 1680 pra
341 1640 497 1670 nominati
525 1641 629 1678 Pipini
653 1640 739 1669 filius
760 1641 881 1670 obsedit
906 1642 1088 1672 Lonbardos
1109 1643 1141 1672 in
1165 1644 1225 1673 Pa-

262 1695 346 1732 piam
372 1694 427 1722 ubi
452 1693 535 1731 cepit
560 1693 763 1722 Desiderium
791 1702 896 1730 regern
923 1698 953 1723 et
980 1703 1111 1724 uxorem
1138 1697 1223 1734 ejus,

261 1755 339 1784 quos
361 1749 466 1783 captos
487 1745 576 1774 duxit
596 1745 628 1773 in
647 1745 811 1774 Frantiam
833 1750 862 1775 et
888 1746 1025 1776 reddidit
1040 1749 1149 1777 onmia
1164 1757 1226 1786 que

261 1804 346 1837 pater
363 1799 429 1836 ejus
447 1798 584 1835 Pipiuus
601 1797 730 1827 dederat
746 1798 836 1828 beato
851 1799 960 1835 Petro⁷
978 1800 1130 1837 adJuncto
1147 1809 1224 1839 quo-

260 1861 321 1890 que
346 1852 373 1881 ei
398 1852 514 1880 ducatu
540 1851 701 1889 Spoletino
724 1854 753 1880 et
781 1851 1019 1882 Beneventano.
1045 1852 1092 1882 Ob
1112 1853 1172 1883 hoc
1196 1858 1226 1883 et

260 1906 325 1943 ipse
342 1905 403 1933 dici
421 1904 538 1934 meruit
554 1904 751 1934 Francorum
774 1909 803 1933 et
821 1905 1102 1942 Longobardorum
1127 1908 1224 1945 patri-

259 1958 327 1986 cius
343 1962 372 1986 et
391 1958 618 1986 Romanorum.

302 2011 373 2039 Leo.

300 2062 493 2098 Stephanus.

301 2113 474 2142 Paschalis.

302 2166 463 2203 Eugenius
494 2166 734 2204 penitentialem
768 2167 887 2196 librum
920 2169 1098 2207 composuit
1127 2174 1157 2199 et
1190 2170 1224 2199 in

261 2218 423 2247 Frantiam
443 2218 630 2247 transmisit.

301 2271 491 2300 Valentinus
519 2271 686 2300 Lodoicum
721 2271 825 2301 filium
855 2272 968 2302 Karoli
998 2273 1226 2311 imperatorem

260 2324 466 2353 consecravit.

298 2375 482 2413 Gregorius.

298 2427 402 2465 Sergii
422 2431 562 2465 tempore
579 2428 747 2458 Sarraceni
765 2432 971 2459 vastaverunt
986 2431 1123 2460 ltaliam.

299 2481 360 2510 Leo
376 2480 532 2510 Karolnm
550 2480 653 2510 filium
673 2481 802 2511 Lodoici
818 2482 985 2512 coronavit
1000 2483 1227 2522 imperatorem

258 2538 288 2562 et
311 2533 473 2562 edificavit
496 2533 657 2563 civitatem
684 2543 781 2572 quam
807 2543 863 2564 suo
891 2536 1023 2565 nomine
1048 2537 1226 2567 Leoninam

257 2586 443 2624 appellavit,
462 2585 552 2615 illam
571 2586 719 2616 videlicet
744 2587 800 2616 ubi
824 2595 938 2625 corpus
961 2588 1045 2618 beati
1064 2589 1150 2618 Petri
1176 2598 1226 2620 re-

257 2639 403 2676 quiescit,
423 2642 452 2668 et
467 2639 540 2668 fecit
556 2638 724 2668 ecclesiam
742 2643 850 2669 sancte
863 2639 963 2669 Marie
980 2640 1069 2670 Nove
1087 2646 1117 2671 et
1133 2651 1225 2672 sanc-

261 2694 363 2720 torum
392 2700 438 2719 1111
466 2691 710 2721 Coronatorum.
744 2691 807 2721 Hic
833 2692 911 2722 dum
940 2697 1086 2731 pergeret
1112 2694 1147 2723 in
1175 2695 1226 2724 die

258 2743 359 2772 sancti
378 2743 475 2772 Marci
499 2752 571 2773 cum
597 2743 725 2774 letaniis
743 2745 781 2774 ad
800 2749 946 2774 sanctum
963 2746 1094 2775 Petrum
1116 2751 1225 2785 captus

258 2803 276 2823 a
301 2795 457 2824 Romanis
481 2799 645 2825 excecatus
671 2801 728 2833 est,
754 2797 873 2835 precisa
900 2797 1023 2836 lingua.
1054 2799 1115 2828 Sed
1141 2799 1226 2830 Deus

259 2847 460 2884 omnipotens
484 2847 623 2877 reddidit
642 2849 746 2877 visum
767 2854 797 2878 et
814 2849 992 2888 loquelam,
1018 2855 1047 2880 et
1069 2860 1225 2890 peragens

260 2898 298 2927 ad
329 2899 483 2928 Karolum
513 2908 618 2937 regem
653 2901 850 2931 Francorum
880 2903 1017 2941 suscepit
1049 2912 1121 2933 eum
1151 2913 1224 2934 cum

260 2958 376 2987 magno
395 2950 513 2980 honore
530 2956 560 2980 et
576 2952 669 2982 rediit
691 2953 825 2983 Romam
846 2963 919 2984 cum
941 2955 1060 2993 prefato
1079 2965 1169 2994 rege;
1194 2960 1224 2986 et

771 314 820 342 LE
844 313 989 342 LIBER
1012 310 1247 341 CENSUUM
1270 310 1324 339 DE
1347 301 1534 341 L‘E'JGLISE
1557 312 1768 342 ROMAINE.

1352 377 1433 406 facta
1450 377 1590 407 vindicta
1609 378 1648 408 de
1668 379 1811 408 inimicis
1833 380 1918 418 eJus,
1946 384 2102 418 purgante
2123 389 2157 409 se
2177 388 2256 418 papa
2279 380 2317 410 de

1351 430 1545 468 quibusdam
1558 431 1749 460 criminibus
1763 431 1825 460 sibi
1841 431 1949 468 illatis,
1967 432 2071 462 isdem
2083 436 2255 463 coronatus
2271 436 2318 463 est

1351 482 1577 520 imperatorem
1595 483 1789 513 Romanum.

1393 535 1587 565 Benedictus
1604 536 1658 574 qui
1676 540 1705 565 et
1718 536 1834 566 Zenus.

1392 587 1568 617 Nicliolaus
1586 597 1649 618 uno
1667 593 1807 626 tempore
1820 589 1900 619 duos
1912 589 2120 627 imperatores
2136 598 2317 620 excommu-

1352 641 1481 677 nicavit,
1494 641 1682 670 orientalem
1701 641 1833 671 nomine
1851 641 2041 672 Michaelem
2058 646 2184 681 propter
2197 642 2317 680 Ignatii

1350 693 1505 731 injustam
1528 694 1790 732 depredationem
1810 703 1905 733 quam
1923 695 2071 731 faciebat,
2089 699 2119 724 et
2133 695 2314 725 occidenta-

1350 745 1413 774 lem
1446 746 1578 776 nomine
1608 746 1797 777 Lotharium
1830 751 1956 786 propter
1988 747 2162 778 Waldrade
2193 747 2315 786 pellicis

1350 798 1539 828 sotietatem.

1391 851 1554 881 Adrianus
1570 852 1725 882 Karolum
1744 852 1869 883 Lodoici
1894 852 1998 883 filium
2015 853 2084 884 oleo
2102 854 2193 883 unxit
2208 858 2238 883 et
2254 854 2316 882 im-

1351 908 1529 941 peratorem
1546 905 1719 934 constituit.

1390 956 1566 986 Johannes.

1391 1009 1513 1038 Arinus
1526 1010 1546 1037 ¹.

1391 1061 1583 1099 Stephanus.

1390 1114 1572 1143 Formosus.
1590 1114 1694 1152 Hujus
1707 1117 1847 1152 tempore
1858 1114 2075 1151 Longobardis
2086 1114 2317 1144 rebellantibus

1350 1166 1466 1195 Franci
1485 1166 1693 1204 perdiderunt
1708 1175 1855 1204 regnum.

1391 1219 1580 1248 Bonifatius.

1390 1271 1545 1310 Stephani
1580 1275 1719 1310 tempore
1754 1271 1920 1302 Sar-racemi
1952 1276 2191 1311 occupaverunt
2223 1272 2317 1311 Syci-

1349 1324 1438 1354 liam.

1391 1378 1567 1408 Romanus.

1390 1431 1588 1460 Theodorus.

1389 1483 1555 1513 Johannes
1572 1482 1784 1513 Tusculanus.
1812 1483 1916 1521 Hujus
1937 1484 2130 1522 temporibus
2148 1483 2316 1522 Capitanei

1351 1537 1535 1567 Romanum
1553 1535 1754 1574 patriciatum
1771 1535 1834 1565 sibi
1853 1535 1989 1565 tiranide
2005 1536 2266 1566 vendicaverunt.

1393 1589 1595 1618 Benedictus.

1391 1642 1466 1670 Leo.

1390 1693 1609 1723 Chi-istotorus
1621 1693 1740 1731 ejectus
1753 1696 1798 1722 est
1809 1692 1848 1722 de
1860 1697 1974 1731 papatu
1987 1697 2016 1722 et
2030 1693 2207 1723 monachus
2221 1693 2315 1723 effec-

1350 1752 1399 1777 tus
1417 1752 1472 1777 est.

1389 1800 1534 1837 Sergius.

1390 1853 1592 1883 Anastasius.

1391 1906 1512 1936 Laudo.

1389 1959 1567 1988 Johannes.

1390 2013 1463 2042 Leo.

1391 2063 1583 2102 Stephanus.

1393 2116 1563 2146 Martinus.

1390 2170 1559 2207 Agapitns.

1388 2222 1566 2252 Johannes.

1390 2276 1465 2305 Leo.

1392 2327 1597 2357 Benedictus.

1388 2379 1568 2409 Johannes.

1391 2433 1598 2462 Benedictus,

1391 2485 1512 2514 Bonus.

1392 2537 1592 2567 Bonefatius.

1390 2589 1593 2620 Benedictus.

1387 2642 1566 2672 Johannes.

1388 2695 1566 2725 Johannes.

1387 2747 1565 2778 Johannes.

1388 2800 1574 2838 Gregorius.

1342 2965 1362 2988 l.
1379 2966 1454 2988 σοι-ν.
1471 2963 1602 2987 Marinus.
1621 2964 1747 2987 Hadrian
1763 2965 1811 2992 111,
1831 2964 1879 2992 qui
1896 2964 2004 2987 clevrait
2020 2963 2125 2992 suivre,
2140 2970 2155 2986 a
2174 2963 2214 2987 ἑῐὲ
2230 2964 2312 2988 omis.
