2434 3530
232 337 288 367 340
778 329 827 357 LE
850 327 994 357 mmm
1018 325 1251 356 CENSUUM
1274 325 1328 355 DE
1352 316 1539 356 L'IJJGLISE
1561 327 1771 357 ROMAINE.

274 401 390 431 sintlzii
412 398 596 434 Frninpunis
613 401 745 423 castrum
775 394 887 422 Tiberie
910 402 964 430 pro
991 401 1021 421 eo
1048 393 1126 430 quod
1152 393 1234 421 nobis

273 454 431 481 Olibanum
459 453 664 478 conceswrunt
690 448 728 475 ad
754 446 912 475 tenendum
941 447 974 474 in
998 446 1133 474 custodia
1155 447 1233 475 sicut

273 506 431 533 Olibanum
459 503 630 530 habuerunt
659 500 878 533 eoncessinzus;
911 499 960 527 sed
988 499 1108 527 ecclesia
1136 499 1233 526 sancti

273 556 438 586 Eleutberii
463 564 528 582 cum
553 553 748 590 pertinentiis
769 552 834 579 suis
860 552 889 579 in
915 552 1077 579 tenimento
1101 551 1231 587 ejusdem

271 609 362 639 castri
387 609 476 635 sitam
503 615 558 643 quc
581 606 691 641 adjus
712 604 893 632 monasterii
920 603 1010 631 vestri
1034 603 1165 639 pertinet
1192 603 1234 631 eis

273 662 447 690 nullatenus
464 659 610 687 <lusimus
628 656 856 686 concedendam.
879 657 914 683 Et
932 655 997 683 ideo
1014 655 1099 683 nulla
1118 655 1235 683 ratione

274 715 410 743 volumus
427 711 619 740 utoccusione
636 710 723 737 illius
736 709 933 737 concessionis
949 717 1038 744 quam
1055 708 1096 735 eis
1107 708 1234 743 fecimus

265 769 319 804 jus
343 764 519 793 monasterii
544 763 634 791 vestri
656 761 792 798 depereat
815 761 861 789 ¹vel
880 769 970 797 super
989 760 1088 788 eadem
1113 760 1233 788 ecclesia

271 819 397 847 debeatis
416 817 612 852 aliquatenus
632 814 772 849 infestari
795 817 849 841 aut
871 814 935 850 ejus
953 813 1150 849 possessiones
1173 812 1234 840 im-

272 872 372 900 minui
389 871 511 898 debeant
533 869 576 896 rel
595 868 725 903 auferri.
746 868 852 894 Datum
870 866 1020 902 Anagynie,
1040 874 1079 893 xv
1097 865 1138 892 kl.
1156 870 1234 893 octo-

270 925 341 952 bris.

233 1093 330 1123 LXV.
350 1108 386 1114 ——
405 1092 658 1121 INSTRUMENTUM
680 1096 864 1119 LOCATloNIS
881 1096 990 1117 cAsTm
1005 1088 1197 1117 ansmoms
1212 1088 1233 1116 ¹.

309 1199 343 1227 In
364 1198 485 1225 nomine
503 1197 632 1225 Domini.
651 1196 737 1224 Anno
757 1195 879 1223 Domini
897 1194 1028 1223 MCCVII
1039 1194 1235 1231 pontificatus

273 1251 378 1278 domni
402 1249 574 1278 innocentii
598 1257 673 1285 pape
697 1248 745 1276 III
777 1255 858 1275 anno
886 1255 973 1281 nono,
1005 1246 1171 1275 indictione
1196 1247 1229 1281 X,

270 1312 368 1331 mense
393 1302 564 1339 septembri,
597 1301 644 1329 (lie
669 1301 696 1335 V,
726 1308 778 1328 nos
800 1299 971 1336 Stephanus
996 1299 1029 1327 de
1052 1299 1232 1333 Fossanooa,

270 1356 374 1383 domni
393 1354 563 1383 Innocentii
583 1362 657 1390 pape
675 1353 724 1381 III
737 1352 942 1385 camerarius,
964 1355 1098 1388 precepto
1116 1356 1141 1379 et
1162 1360 1235 1379 auc—

272 1409 391 1437 toritate
416 1408 524 1444 ipsius,
551 1407 604 1435 sub
627 1406 756 1442 ejusdem
785 1405 889 1432 domni.
911 1413 985 1441 pape
1012 1405 1179 1441 presentia,
1210 1409 1235 1432 et

272 1461 491 1490 venerab-ilium
513 1464 637 1496 patrum
662 1463 687 1486 et
712 1458 905 1485 dominorum
928 1457 1045 1485 Nicolai
1071 1457 1237 1485 Tusculani

270 1513 412 1550 episcopi,
441 1512 559 1541 Cintlzii
584 1511 682 1539 sancti
704 1510 862 1538 Laurentii
883 1510 917 1537 'in
940 1510 1053 1537 Lucina
1070 1509 1236 1546 presbyteri

271 1565 449 1600 cardinalis,
467 1565 546 1592 Petri
558 1568 658 1591 sancte
673 1563 862 1591 Pudentiane
874 1562 1041 1599 presbyteri
1053 1562 1234 1596 eto-dinam,

270 1618 406 1655 Roygterii
425 1621 524 1645 sancte
541 1616 698 1645 Anastasie
712 1615 877 1652 presbyteri
895 1615 1077 1650 cardinalis,
1089 1615 1237 1652 Stephani

269 1671 366 1699 sancti
388 1669 562 1698 Grisochoni
576 1668 741 1705 presbyteri
759 1668 944 1702 cardinalis,
965 1667 1115 1695 Joliannis
1135 1672 1236 1696 sancte

271 1725 399 1752 Romane
426 1723 551 1750 Ecclesic
575 1721 753 1749 cancellarii
777 1725 878 1748 sancte
902 1721 996 1748 Marie
1024 1721 1052 1747 in
1081 1720 1235 1749 Cosmidin

270 1776 392 1804 diaconi
413 1774 595 1808 cardinalis,
625 1773 721 1801 L'bertt
741 1774 839 1801 sancti
864 1773 970 1809 Anqett
990 1773 1113 1800 diaconi
1132 1772 1235 1801 cardi-

273 1829 365 1859 natis,
388 1827 548 1855 Octaviani
566 1831 739 1854 sanctorum
758 1825 857 1862 Seryii
874 1830 899 1853 et
919 1825 1011 1853 Baebi
1027 1825 1149 1854 diaconi
1167 1834 1236 1853 car-

271 1881 400 1915 dinalis,
423 1879 558 1916 Greyorii
575 1878 673 1906 sancti
692 1877 836 1906 Theodori
852 1877 974 1906 diaconi
993 1877 1176 1912 cardinalis,
1197 1878 1236 1905 ad

272 1934 426 1970 exemplar
436 1933 533 1967 felicis
546 1932 687 1959 memorie
699 1931 795 1959 Jolzan
803 1939 818 1958 n
826 1931 850 1957 is
867 1931 940 1958 noni
954 1939 1028 1967 pape
1042 1935 1067 1958 et
1081 1931 1236 1959 Paschalis

271 1986 408 2019 secundi,
427 1985 665 2021 predecessorum
691 1984 786 2020 ipsius
802 1983 906 2010 domni
922 1983 1109 2018 innocentii,
1126 1992 1236 2020 procu-

275 2039 387 2067 ratorio
408 2038 528 2065 nomine
553 2045 733 2064 renovamus
754 2036 928 2064 locationem
954 2036 1032 2063 robis
1052 2036 1185 2064 dominis
1203 2036 1237 2064 de

272 2090 441 2119 Frusinone
456 2093 640 2117 sacrosancte
656 2089 783 2116 Romane
801 2088 917 2116 ecclesie
931 2081 1078 2124 fidelibus,
1103 2088 1238 2117 videlicet

273 2143 436 2179 Siyinulfo,
455 2141 734 2176 ArlinulfoBaroni,
758 2141 882 2169 Bet-aldo
898 2141 1092 2175 Collismedii,
1115 2141 1238 2169 Tebaldo

278 2196 394 2230 ietulo,
418 2194 552 2223 Jolutnni
574 2194 637 2230 filio
657 2186 804 2227 Oriundi,
831 2193 947 2222 Albcrto
962 2194 1137 2228 Peccatelloy
1158 2194 1238 2222 Lan-

274 2249 346 2278 doni
373 2249 509 2282 Retruso,
541 2247 688 2282 Landulfo
721 2247 819 2283 nepoti
843 2255 909 2281 suo,
938 2247 1104 2282 Guttifriclo
1128 2247 1233 2284 Lonyo,

276 2301 398 2330 Tebaldo
415 2300 566 2334 Monaclw,
587 2300 673 2327 Petro
690 2300 801 2334 Czcnzo,
823 2299 958 2327 Joltanni
980 2300 1114 2336 Caputio,
1137 2300 1238 2329 Guile-

274 2354 358 2382 mino
375 2352 570 2386 Collismedii,
586 2352 660 2387 Gtso,
680 2351 811 2380 Get-ardo
823 2352 987 2385 Pallarolo,
1000 2351 1234 2389 Scalzaqalline,

276 2407 433 2435 Tliomasio
448 2405 682 2442 Scalwqalline,
701 2405 858 2433 Thomasio
873 2405 1028 2440 Mazocclo,
1046 2406 1233 2442 Raymundo,

272 2459 407 2487 Joltanni
428 2463 453 2486 et
475 2458 599 2495 querio
620 2457 696 2493 filiis
717 2457 823 2491 Belin,
849 2457 990 2491 Antonio,
1007 2457 1144 2493 Henrico,
1167 2459 1239 2487 Ber-

275 2512 408 2547 trayinO,
433 2510 565 2547 Oyyerio,
584 2510 744 2545 Adenulfo,
768 2510 908 2546 Btcicmo,
927 2509 1073 2544 Adinulfo
1093 2510 1234 2546 Sclarice,

272 2564 407 2592 Johanni
428 2563 567 2600 Sperato,
587 2562 747 2598 Afflatitio,
767 2562 904 2590 Johanni
924 2562 1073 2597 Odorisci,
1099 2563 1234 2599 Vibium,

272 2616 407 2645 Johanni
420 2620 446 2644 et
462 2615 575 2643 Baroni
589 2607 664 2650 filiis
682 2613 802 2650 Ogyyerii
817 2614 903 2649 Tosti,
919 2614 1005 2643 Petro
1019 2615 1144 2651 Payani,
1168 2615 1238 2644 Gre-

273 2779 298 2804 1.
315 2778 330 2803 5
346 2777 510 2811 septembre
530 2776 605 2804 1206.
626 2790 662 2797 —
682 2776 835 2809 Muratori,
860 2778 966 2810 Antia„
990 2780 1009 2804 t.
1034 2777 1093 2811 111,
1119 2787 1145 2813 p.
1171 2778 1237 2811 ‘235;

235 2825 368 2857 Theiner,
385 2826 471 2852 Codex
485 2826 553 2858 dipl.
571 2825 598 2851 S.
616 2825 710 2856 Sedis,
728 2832 758 2850 n⁰
773 2825 817 2852 50.
831 2839 867 2845 —
883 2825 928 2852 Au
953 2834 1018 2852 nom
1039 2826 1076 2852 du
1099 2835 1171 2862 pape
1186 2827 1240 2854 In-

237 2876 341 2898 nocent
356 2872 409 2906 111,
425 2872 544 2898 Etienne
559 2873 593 2898 de
612 2872 786 2907 Fossanova,
803 2881 854 2900 son
876 2874 1025 2908 camin-ier,
1043 2876 1207 2901 renouvelle
1223 2877 1240 2902 ὲ,

237 2919 263 2945 la
279 2920 442 2954 seigneurie
458 2920 492 2945 de
511 2919 667 2946 Frosinone
683 2921 708 2946 la
731 2921 852 2947 iocation
869 2921 903 2947 do
919 2926 994 2948 cette
1011 2922 1074 2948 vine
1090 2926 1118 2949 et
1134 2922 1169 2949 de
1185 2931 1238 2950 son

237 2968 393 3000 territoire,
413 2976 484 3002 pour
500 2969 569 2995 trois
583 2969 777 3002 generations.

1353 394 1438 434 glorio
1462 394 1640 429 Guttifridi,
1667 394 1795 422 Girardo
1819 394 1911 431 Lupo,
1933 394 2139 423 Bartholomeo
2159 395 2224 432 filio
2240 396 2322 424 Petri

1355 446 1523 480 Nubilonis,
1554 446 1649 474 Paulo
1672 446 1841 480 Nubilonis,
1869 446 1994 483 Oyyerio
2015 452 2042 475 et
2062 447 2225 484 Syyinulfo
2246 448 2322 485 filiis

1359 496 1477 524 Violani
1500 493 1653 531 Pallarvi,
1678 496 1796 525 Oddoni
1810 496 1875 532 filio
1894 497 2079 534 Bertraymi,
2102 498 2280 535 Gualquano
2295 503 2322 527 et

1357 549 1464 576 Thome
1475 548 1550 584 filiis
1563 549 1748 585 Gualquani,
1762 549 1877 586 Eyidio,
1891 549 2026 578 Jolianni
2039 550 2173 587 Tappeto,
2190 551 2318 588 Pelagio,

1354 601 1490 629 Jolianni
1507 601 1642 636 Gerardi,
1664 601 1794 630 Gerara'o
1809 601 1916 629 Baldin
1925 603 1941 637 i,
1963 602 2043 630 cobis
2059 603 2221 639 vestrisque
2236 604 2322 632 liere-

1356 654 1443 681 dibus
1466 654 1600 682 locamus
1618 658 1644 682 ct
1665 654 1854 682 concedimus
1875 658 2007 682 castrum
2030 654 2213 683 Frusinonis
2229 664 2322 692 usque

1359 707 1388 734 in
1411 711 1537 734 vestram
1560 707 1679 734 tertiam
1696 707 1930 743 cenerationem,
1951 707 2205 743 quemadmodum
2219 708 2322 745 prede-

1356 767 1480 787 cessores
1504 760 1594 787 cestri
1616 760 1749 796 leyitime
1772 764 1944 795 tenuerunt,
1963 768 2030 788 cum
2053 760 2201 794 domibus,
2220 761 2320 796 terris,

1357 812 1465 846 vineis,
1485 812 1582 846 silvis,
1602 813 1704 848 aquis,
1723 813 1822 849 pratis
1840 817 1866 841 et
1881 813 2015 849 pascuis,
2035 813 2125 841 cultis
2140 817 2166 842 et
2182 813 2318 849 incultis,

1358 864 1516 892 arboribus
1535 865 1705 901 pomiferis,
1731 862 1907 901 aquimolis,
1928 869 1954 893 et
1971 873 2041 893 cum
2063 865 2204 894 omnibus
2226 867 2323 903 perti·-

1358 917 1473 944 nentiis
1490 921 1517 945 et
1533 917 1687 945 territorio
1702 925 1766 951 suo,
1785 917 1863 954 quod
1879 917 1964 946 habet
1982 917 2034 946 hos
2050 919 2152 954 affines
2167 929 2175 946 .·
2190 927 2207 947 a
2221 919 2324 955 primo

1359 969 1451 997 latere
1475 970 1588 1004 fractas
1611 969 1645 997 de
1670 978 1744 998 arcu
1765 970 1819 1006 qui
1838 969 1952 998 dividit
1974 970 2056 998 inter
2073 970 2276 999 Frusinonem
2297 975 2324 1000 et

1358 1022 1493 1050 Aletrum
1505 1033 1514 1056 ,·
1538 1030 1554 1049 a
1573 1022 1701 1050 secundo
1719 1022 1811 1050 latere
1828 1022 1929 1051 rivum
1950 1023 2048 1051 sancti
2063 1023 2183 1060 Anyeli,
2204 1024 2257 1060 qui
2273 1023 2323 1052 di-

1358 1074 1438 1103 vidit
1453 1074 1535 1103 inter
1551 1075 1750 1103 Frusinonem
1769 1079 1795 1102 et
1811 1074 2009 1103 Ferentinum
2021 1086 2032 1110 ;
2049 1079 2075 1103 et
2092 1084 2111 1103 a
2128 1076 2215 1104 tertio
2233 1076 2325 1104 latere

1359 1136 1498 1164 campum
1517 1128 1617 1155 sancti
1631 1127 1790 1162 Antonini,
1811 1128 1866 1164 qui
1882 1131 1922 1155 est
1938 1127 2011 1163 finis
2029 1128 2108 1156 inter
2122 1128 2325 1158 Frusinonem

1358 1185 1384 1209 et
1401 1181 1507 1209 Ceccan
1515 1189 1563 1209 um
1575 1191 1585 1216 ς
1603 1185 1629 1209 et
1645 1189 1661 1209 a
1679 1185 1788 1217 quarto
1803 1180 1893 1209 latere
1909 1181 2044 1216 Turrice,
2059 1181 2229 1210 terminans
2244 1182 2326 1211 inter

1355 1233 1525 1271 predictum
1548 1237 1681 1261 castrum
1706 1238 1733 1261 et
1759 1233 1941 1262 Verulanum
1965 1233 2134 1268 civitatem,
2165 1242 2221 1270 que
2238 1234 2326 1271 juris

1357 1291 1457 1315 sancte
1482 1287 1612 1314 Romane
1639 1286 1755 1314 ecclesie
1781 1294 1840 1314 esse
1860 1285 2042 1314 dinoscitur.
2065 1285 2151 1315 Hanc
2173 1286 2325 1323 siquidem

1358 1339 1532 1367 locationem
1552 1339 1632 1367 ¹vobis
1650 1339 1814 1375 vestrisque
1829 1338 1988 1367 heredibus
2001 1338 2129 1374 fecimus
2144 1339 2196 1367 hoc
2214 1343 2321 1374 tenore,

1357 1396 1392 1420 ut
1409 1391 1548 1420 videlicet
1568 1391 1598 1419 in
1622 1399 1801 1427 unoquoque
1823 1391 1909 1419 tertio
1931 1399 2036 1428 yenere
2056 1391 2153 1428 ¹ipsius
2168 1392 2262 1420 castri
2281 1392 2325 1420 lo-

1358 1445 1436 1473 catio
1449 1444 1483 1472 ab
1496 1444 1658 1481 apostolica
1673 1443 1738 1472 sede
1753 1448 1924 1478 renovetur,
1940 1448 1965 1472 el
1980 1452 2034 1481 pro
2049 1444 2244 1472 renovatione
2262 1445 2326 1482 ipsa

1359 1497 1454 1525 decem
1474 1497 1567 1525 libras
1580 1497 1654 1533 puri
1671 1496 1791 1532 arqenti
1808 1496 1927 1524 heredes
1942 1497 2043 1531 vestri,
2061 1496 2169 1533 quibus
2184 1496 2234 1532 siet
2250 1497 2325 1525 loca-

1361 1550 1412 1585 tio,
1431 1549 1588 1586 apostolice
1603 1549 1664 1577 sedi
1679 1549 1860 1586 persolvent.
1880 1549 1985 1577 Verum
2003 1557 2058 1585 pro
2071 1549 2212 1586 pentione
2229 1549 2326 1577 trium

1359 1602 1524 1630 solidorum
1543 1610 1724 1636 aureorum,
1746 1610 1836 1638 (sitam
1858 1601 1989 1629 Romane
2004 1601 2121 1630 ecclesie
2143 1601 2327 1630 tenebamini

1358 1655 1471 1683 solvere
1482 1654 1658 1688 annuatim,
1672 1653 1914 1690 sicutpredictus
1924 1661 2003 1690 papa
2015 1653 2173 1681 Pasclzalis
2183 1653 2322 1689 decrevit,

1359 1712 1386 1736 et
1413 1709 1442 1736 in
1470 1708 1675 1735 instrumento
1695 1706 1818 1743 puplico
1838 1706 1945 1734 exinde
1969 1707 2098 1742 confecto
2118 1707 2328 1744 perspeoeimus

1359 1760 1523 1795 contineri,
1550 1760 1583 1787 de
1607 1760 1760 1787 voluntate
1783 1767 1816 1787 ac
1841 1767 1986 1787 consensu
2006 1763 2103 1787 vestro
2120 1759 2192 1787 olim
2216 1759 2327 1796 hujus-

1359 1813 1441 1842 modi
1457 1812 1654 1842 commutatio
1662 1813 1742 1847 facta
1755 1816 1805 1847 est,
1819 1816 1852 1839 ut
1863 1811 2001 1840 videlicet
2016 1812 2138 1840 ecclesia
2149 1812 2327 1842 Romanuin

1359 1871 1457 1895 castro
1465 1865 1599 1902 predicto
1610 1864 1817 1901 quadrayinta
1830 1869 1891 1893 octo
1902 1864 2038 1892 homines
2049 1864 2164 1900 habeat,
2177 1865 2275 1901 quide
2286 1874 2327 1894 ce-

1361 1924 1421 1947 tero
1433 1918 1511 1946 sicut
1527 1918 1671 1946 hactenus
1684 1921 1844 1945 teneantur
1856 1917 1987 1944 Romane
2002 1917 2119 1945 ecclesie
2132 1917 2325 1955 respondere,-

1359 1972 1481 2000 domum
1495 1975 1594 1999 autem
1608 1970 1641 1998 de
1657 1969 1823 2004 Siconibus,
1840 1977 1895 2005 que
1910 1977 1990 1997 nunc
2008 1969 2213 2006 multiplicata
2224 1975 2328 2007 estper

1360 2024 1466 2052 sobolis
1479 2022 1738 2060 pmpayationem,
1759 2020 1849 2049 sedile
1865 2021 1961 2049 unius
1979 2020 2148 2048 molendini
2168 2025 2195 2049 et
2214 2022 2327 2050 casali-

1359 2084 1434 2104 num
1446 2074 1604 2111 qu'usdam
1616 2073 1795 2109 domusque
1806 2073 1911 2101 ibidem
1923 2073 2068 2101 hactenus
2077 2073 2239 2110 apostolica
2248 2074 2329 2103 sedes

1361 2128 1491 2157 absolute
1507 2127 1644 2155 noscitur
1660 2125 1807 2160 habuisse,
1828 2130 1854 2153 et
1873 2133 1955 2153 nienc
1971 2130 1997 2153 et
2014 2126 2044 2154 in
2064 2130 2215 2162 posterum
2239 2126 2328 2156 libere

1359 2180 1530 2219 possidebit.
1561 2179 1638 2214 Quia
1663 2187 1731 2207 vero
1753 2178 1950 2215 possessiones
1971 2182 1998 2206 ct
2022 2178 2097 2206 bona
2120 2178 2328 2215 predictorum

1361 2234 1521 2262 hominum
1545 2236 1572 2260 et
1592 2231 1698 2260 domus
1722 2231 1755 2259 de
1775 2230 1934 2259 Siconibus
1961 2230 2095 2259 distrahi
2122 2231 2168 2260 vel
2194 2231 2329 2260 alienari

1360 2295 1419 2315 non
1444 2285 1546 2313 debent
1562 2284 1595 2312 in
1621 2283 1788 2320 dampnum
1812 2287 1837 2311 et
1851 2282 2059 2319 prejudicium
2077 2283 2235 2320 apostolice
2250 2283 2329 2312 sedis

1360 2343 1394 2367 ut
1411 2338 1479 2375 ipsa
1494 2336 1592 2365 debita
1607 2336 1735 2364 servitia
1751 2339 1777 2363 et
1792 2339 1934 2363 consueta
1952 2335 2118 2371 ammittat,
2131 2337 2329 2372 possessiones

1361 2395 1387 2419 et
1407 2391 1481 2418 bona
1502 2389 1569 2426 ipsa
1591 2388 1630 2417 ad
1654 2389 1871 2424 cujztscumquc
1892 2396 2003 2416 manus
2022 2387 2198 2416 devenerint
2216 2389 2262 2417 vel
2276 2389 2328 2418 de-

1361 2446 1510 2472 venerunt
1523 2442 1676 2475 hactenus,
1696 2441 1831 2468 alienata
1847 2440 1892 2468 vel
1908 2439 2053 2468 distracta
2069 2441 2283 2476 restituantur,
2303 2445 2330 2470 et

1361 2496 1396 2524 in
1415 2498 1588 2532 potestatem
1612 2497 1638 2521 et
1663 2493 1876 2529 proprietatem
1900 2496 1925 2520 et
1949 2492 2116 2520 utilitatem
2137 2493 2201 2529 ejus
2221 2493 2330 2530 absque

1361 2546 1519 2584 cujuslibet
1535 2545 1773 2574 contradictione
1788 2544 1940 2579 redibunt,
1956 2545 2056 2581 utjus
2071 2544 2188 2573 ecclesie
2198 2545 2330 2574 Romane

1362 2600 1478 2630 illibate
1501 2607 1534 2628 ac
1558 2599 1671 2635 inteyre
1691 2601 1897 2626 conservetur.
1926 2597 2008 2625 Vobis
2033 2597 2137 2634 itaque
2164 2598 2329 2635 vestrisque

1362 2652 1520 2681 heredibus
1531 2651 1657 2679 liberam
1671 2650 1853 2678 auctoritate
1866 2649 2029 2686 apostolica
2041 2649 2206 2678 tribuimus
2213 2650 2330 2686 faecul-

1363 2709 1453 2734 tatem
1469 2704 1572 2742 ipsum
1588 2707 1723 2732 castrum
1735 2701 1920 2739 possidendi,
1937 2701 2074 2737 fruendi,
2091 2701 2209 2737 utendi,
2223 2703 2328 2732 melio-

1362 2757 1456 2786 randi
1467 2756 1578 2786 secund
1583 2765 1631 2784 um
1644 2755 1839 2793 approbatam
1851 2754 2100 2783 consuetudinem
2113 2759 2139 2783 et
2152 2755 2324 2792 antiquam,

1361 2810 1456 2839 salvis
1470 2809 1678 2846 fidelitatibus,
1701 2807 1816 2843 handu,
1832 2807 1966 2844 placitis,
1982 2807 2199 2843 forisfacturis,
2218 2807 2325 2844 fodris,

1363 2863 1556 2900 albergariis,
1573 2861 1760 2899 expeditione
1775 2864 1801 2889 et
1813 2859 2015 2897 parlamento,
2035 2867 2148 2896 guerra
2163 2864 2189 2888 et
2200 2868 2273 2897 pace
2290 2859 2330 2889 ad

1362 2915 1546 2944 mandatum
1564 2914 1647 2942 curie
1663 2912 1812 2949 facienda,
1830 2916 1856 2941 et
1869 2913 1942 2941 aliis
1956 2912 2136 2948 rationibus,
2152 2920 2207 2949 que
2220 2912 2330 2942 ibidem

1362 2969 1496 2997 Romana
1510 2967 1630 2996 ecclesia
1642 2967 1747 2995 habere
1758 2965 1922 2995 consuevit.
1935 2965 2042 2994 Actum
2054 2965 2212 2994 Ferentini
2226 2973 2329 2994 coram
