2434 3530
69 968 93 987 10

69 1230 92 1249 15

68 2017 93 2035 30

69 2279 94 2299 35

669 365 719 394 LE
743 366 887 396 LIBER
911 366 1142 397 CENSUL'M
1169 367 1222 396 DF.
1248 364 1431 400 L'EGLISE
1456 373 1663 404 ROMAINE.
2153 377 2209 408 375

162 437 280 459 aaaron
303 438 340 458 ET
364 429 567 459 Fneoerncun
588 430 789 462 Ronaxonuu
817 441 918 462 nescu
945 442 1041 462 suren
1070 441 1127 463 no-

161 490 243 512 nona
263 491 399 512 ramirus
421 492 459 511 ET
475 491 648 513 REGALIBUS
665 493 755 513 azzs‘ri
775 485 873 514 Pia-‘rm
895 494 1127 516 CONSEHVANDIS

163 544 325 564 vineunt-:1³
345 544 383 564 An
402 544 505 565 EODEM
524 537 545 566 ¹.

204 641 390 670 Venerabili
422 642 455 670 in
489 641 617 671 Christo
647 642 727 679 patri
760 642 906 680 Eugenio
938 643 998 672 Dei
1027 643 1127 680 gratia

161 694 334 732 apostolice
357 695 443 723 sedis
468 694 609 733 pontifici
623 718 631 731 ‚
650 695 837 725 Fredericns
858 696 914 724 Dei
940 695 1042 733 gratia
1062 695 1127 725 lio-

163 756 334 777 manornm
355 747 528 785 imperator
543 751 710 784 augustus,
729 747 859 776 filialem
878 748 1082 778 dilectionem
1099 753 1128 777 et

161 799 302 829 debitam
322 800 355 828 in
373 799 502 829 Christo
521 800 746 829 reverentiam.
768 800 868 838 Regie
885 800 1062 839 majestatis
1077 801 1127 830 di—

160 853 268 890 gnitas
283 851 497 890 postulatque
511 852 549 881 ad
567 852 653 890 pacis
670 857 700 881 et
715 852 887 882 concordie
903 853 1024 882 bonum
1041 861 1127 891 spec-

163 909 228 934 tare
255 908 450 941 noscuntur,
473 907 591 933 attenta
617 904 835 934 sollicitudine
858 905 1020 941 stabilire,
1040 909 1070 935 et
1095 909 1128 935 ut

161 958 246 987 inter
272 965 409 994 regnum
439 961 468 986 et
499 956 714 987 sacerdotium
747 957 966 987 indissolubili
997 958 1127 986 caritate

163 1010 283 1040 bonurn
301 1010 406 1047 ipsum
427 1014 581 1048 perpetuo
602 1014 793 1047 perseveret,
810 1009 960 1047 diligenti
977 1010 1081 1039 studio
1098 1014 1129 1039 et

162 1066 268 1092 exacta
283 1061 452 1100 diligentia
470 1062 625 1092 laborare.
645 1062 750 1100 Hujus
766 1062 874 1100 itaque
891 1062 1026 1092 rationis
1043 1071 1128 1101 pros—

161 1119 253 1153 pectu
276 1114 482 1144 concordiam
504 1114 641 1144 inferius
662 1117 868 1148 annotatam,
886 1123 948 1153 que
966 1114 1052 1144 inter
1071 1123 1127 1143 uos

160 1171 191 1197 et
212 1175 267 1197 vos
289 1170 418 1197 auctore
436 1167 633 1197 Deo-statuta
649 1171 710 1202 est,
731 1166 812 1196 sicut
832 1167 872 1196 ab
888 1170 1023 1205 utraque
1040 1171 1128 1205 parte

161 1219 303 1250 stabilita
330 1223 376 1249 est
403 1224 434 1249 et
460 1219 622 1256 ordinata,
649 1228 688 1248 ne
712 1219 835 1258 aliquid
863 1220 994 1249 arbitrio
1021 1224 1128 1250 nostro

160 1273 350 1302 immutasse
366 1272 547 1309 videamur,
566 1281 621 1310 per
637 1271 747 1301 eadem
765 1272 860 1301 verba
874 1272 1030 1310 presentis
1047 1273 1128 1302 serie

161 1325 268 1364 scripti
286 1325 489 1364 precepimus
507 1325 667 1354 annotari.

201 1378 238 1407 In
255 1379 388 1407 nomine
406 1377 550 1407 Domini.
566 1378 684 1408 Amen.
703 1378 768 1407 Hec
782 1382 828 1407 cst
845 1377 1013 1408 concordie
1026 1378 1128 1408 forma

161 1434 192 1461 et
214 1431 442 1461 conventionis
465 1430 550 1460 inter
573 1431 728 1460 domnum
753 1439 865 1469 papam
892 1431 1074 1469 Eugenium
1099 1435 1129 1461 et

161 1484 316 1514 domnum
337 1483 542 1513 Fredericum
560 1484 781 1514 Romanorum
804 1484 1030 1522 imperatorem
1049 1493 1128 1514 con—

161 1537 283 1572 stitut-a,
305 1536 525 1566 mediantibus
548 1536 701 1574 Gregorio
724 1541 832 1566 sancte
857 1537 959 1566 Marie
982 1536 1128 1566 Transti-

160 1589 281 1626 berim,
308 1589 459 1618 Hubaldo
489 1593 597 1618 sancte
629 1589 799 1625 praxedis,
829 1589 993 1619 Rex-nardo
1026 1589 1129 1619 sancti

160 1641 355 1677 Clementis,
373 1641 550 1671 Octaviano
569 1645 676 1671 sancte
695 1641 829 1677 Cecffle,
850 1641 1006 1671 Bollando
1026 1642 1130 1671 sancti

160 1694 277 1730 Marci,
295 1694 450 1732 Gregorio
466 1694 568 1724 sancti
586 1694 720 1732 Angeli,
736 1694 886 1724 Guidone
903 1699 1010 1724 sancte
1028 1694 1129 1724 Marie

161 1747 195 1776 in
214 1747 343 1777 Porticu
366 1750 395 1776 et
414 1747 567 1776 Bruuone
591 1747 703 1776 abbate
725 1747 765 1777 de
783 1747 965 1782 Caravasse,
985 1756 1021 1776 ex
1043 1751 1129 1785 parte

161 1799 273 1829 domni
284 1808 379 1838 pape3
394 1800 549 1829 Anselmo
562 1808 635 1829 vero
649 1799 912 1837 Havelbeigensi,
927 1800 1129 1829 Hei-imanno

161 1852 400 1882 Constantiensi
417 1852 589 1891 episcopis,
607 1851 754 1882 Olderico
774 1852 812 1882 de
828 1852 1032 1889 Zenzburcli,
1050 1851 1128 1881 Gni-

161 1904 245 1934 done
266 1898 390 1934 Guerra
409 1908 439 1934 et
456 1904 605 1934 Gnidone
630 1904 857 1934 Blandi-utensi
882 1905 1070 1941 comitibus,
1091 1914 1126 1934 ex

161 1962 248 1996 parte
273 1957 384 1987 domni
409 1958 502 1995 regis.
531 1958 674 1987 Domnus
697 1958 859 1995 siquidem
883 1968 935 1987 rex
962 1967 1065 1987 unum
1091 1958 1128 1988 de

162 2009 340 2048 majoribus
357 2010 626 2040 ministerialibus
643 2011 733 2047 regni
754 2011 846 2039 faciet
866 2011 898 2039 in
918 2011 1028 2040 anima
1045 2011 1129 2048 regis

159 2063 284 2101 jurare,
304 2067 334 2092 et
354 2063 421 2101 ipse
440 2063 566 2101 propria
585 2072 684 2092 manu
700 2063 772 2092 data
789 2063 849 2092 tide
866 2064 897 2092 in
917 2072 1016 2092 manu
1033 2064 1127 2101 legati

161 2115 272 2144 domni
299 2124 377 2153 pape
402 2115 548 2153 promisit
572 2115 655 2153 quod
681 2115 750 2153 ipse
775 2124 831 2145 nec
860 2120 1044 2152 treuguam,
1071 2125 1129 2146 nec

162 2175 271 2206 pacem
295 2167 389 2196 saciet
413 2176 484 2197 cum
506 2168 661 2197 Romanis
683 2176 741 2197 nec
759 2177 831 2197 cum
856 2168 994 2206 Roget-io
1019 2168 1129 2198 Sicilie

162 2220 233 2249 sine
250 2220 352 2249 libero
369 2228 526 2250 consensu
551 2223 579 2249 et
596 2220 757 2250 voluntate
782 2221 924 2250 Romane
946 2220 1079 2250 ecclesie
1100 2225 1130 2250 et

162 2271 274 2301 domui
296 2281 373 2310 pape
391 2272 530 2309 Eugenii
547 2271 597 2301 vel
616 2280 837 2302 successorum
859 2281 989 2302 suorum
1010 2273 1065 2311 qui
1085 2278 1129 2303 te-

163 2333 274 2354 norem
298 2325 475 2363 subscripte
498 2324 667 2354 concordie
688 2334 760 2354 cum
782 2325 893 2354 eodem
916 2334 990 2363 rege
1012 2326 1129 2355 Frede-

163 2378 229 2407 rioo
243 2381 351 2406 tenere
362 2377 540 2414 voluerint3
555 2382 586 2407 et
596 2386 651 2416 pro
666 2377 789 2407 viribus
800 2377 955 2407 laborabit
968 2379 1130 2408 Romanos

164 2429 338 2467 subjugare
355 2429 472 2459 domno
488 2438 578 2468 pape,
595 2430 677 2459 sicut
693 2429 811 2460 melius
828 2439 982 2468 umquam
999 2431 1130 2460 fuerunt

157 2611 163 2630 ί
186 2611 394 2630 SUPER-EODEM
417 2614 473 2630 om.
497 2608 534 2635 Α,
561 2614 630 2636 quae
651 2609 735 2631 etiam
763 2610 791 2631 1'71
815 2611 832 2631 G
856 2610 990 2632 uidentur
1013 2612 1129 2638 adjecta.

122 2654 154 2675 23
166 2649 292 2673 Rolando
304 2651 326 2674 A
338 2664 367 2668 -
378 2655 407 2676 25
419 2650 571 2675 Claravallc
583 2652 606 2674 A
618 2664 646 2668 -—
657 2656 686 2676 26
699 2652 795 2675 Aveia
809 2652 830 2675 A
842 2666 870 2669 -—
882 2657 905 2677 31
918 2653 978 2683 ipse
992 2653 1131 2681 <idem>

124 2693 148 2717 A
159 2707 189 2711 —
200 2699 230 2718 aa
242 2701 311 2725 pape
324 2697 385 2722 <ct
401 2694 524 2718 Romane
540 2695 686 2721 ecclesie>
705 2696 727 2718 A

163 2861 187 2888 1.
205 2860 378 2892 Constance,
394 2861 427 2888 ‘23
445 2869 520 2888 mars
538 2862 613 2888 1¹52.
628 2877 663 2882 —
677 2862 809 2893 Tliciner,
828 2870 858 2889 no
878 2863 926 2895 l9;
946 2864 981 2890 M.
999 2864 1027 2890 G.
1049 2865 1131 2897 Leges,

1250 443 1267 463 a
1294 440 1422 466 contum
1453 442 1535 468 retro
1559 442 1664 470 aunis.
1694 443 1858 474 Honorem
1884 450 2014 483 papatus
2039 450 2069 474 et
2092 444 2212 482 regalia

1250 487 1334 516 beati
1353 488 1436 518 Petri
1454 491 1537 520 sicut
1552 492 1683 524 devotus
1698 500 1728 524 et
1747 496 1895 534 specialis
1912 497 2084 528 advocatus
2102 503 2210 527 sancte

1253 540 1396 570 Romane
1413 543 1543 573 ecclesie
1560 551 1668 576 contra
1684 555 1795 578 omnes
1813 549 1959 580 homines
1977 560 2032 589 pro
2048 559 2137 590 posse
2154 560 2211 581 suo

1251 594 1450 624 conservabit
1477 600 1507 624 et
1532 596 1679 628 desendet
1705 610 1767 638 que
1796 611 1881 631 nunc
1906 602 2020 639 habet3
2050 599 2110 642 qne
2139 613 2212 634 vero

1252 653 1338 674 nnnc
1356 654 1418 675 non
1438 647 1532 678 habet
1549 659 1735 689 recuperare
1753 662 1808 691 pro
1827 663 1914 692 posse
1935 656 2058 694 juvabit
2074 661 2103 685 et
2119 665 2211 686 recn-

1252 702 1357 734 perata
1370 699 1528 730 desendet.
1542 702 1717 733 Grecorum
1733 715 1860 744 quoque
1873 708 1941 745 regi
1957 708 2077 737 nullam
2097 714 2211 738 terram

1251 758 1285 778 ex
1311 750 1370 779 ista
1395 757 1480 789 parte
1501 755 1599 783 maris
1617 757 1786 794 concedet3
1807 759 1891 797 quod
1912 760 1937 788 si
1958 760 2035 790 sorte
2050 760 2105 790 ille
2120 761 2212 790 inra-

1251 803 1342 837 serit,
1362 813 1416 841 pro
1440 806 1561 835 viribus
1585 809 1675 845 regni
1699 815 1819 847 quanto
1841 812 1937 841 citius
1957 814 2087 850 poterit,
2106 814 2211 851 ipsum

1251 855 1353 884 eicere
1380 858 1514 887 curabit.
1545 860 1612 889 Hec
1635 862 1744 890 omnia
1771 863 1862 893 saciet
1886 869 1915 893 et
1939 866 2119 895 observabit
2143 867 2213 896 sine

1252 907 1362 937 frande
1379 912 1408 942 et
1427 910 1510 940 inalo
1530 912 1673 949 ingenio.

1292 960 1437 990 Domnus
1456 972 1528 992 vero
1545 973 1622 1002 papa
1637 967 1805 1004 apostolice
1825 970 2019 999 auctoritatis
2039 971 2133 1000 verbo
2151 980 2213 1000 una

1251 1020 1322 1041 cum
1341 1013 1492 1050 predictis
1509 1016 1725 1047 cardinalibus
1742 1020 1774 1048 in
1792 1022 1951 1058 presentia
1969 1023 2213 1060 prescriptorum

1252 1063 1428 1101 legatorum
1453 1067 1562 1096 domni
1591 1070 1673 1107 regis
1699 1072 1842 1109 promisit
1864 1078 1893 1102 et
1916 1074 2110 1111 observabit,
2130 1076 2212 1114 qnod

1251 1126 1324 1146 eum
1342 1118 1424 1148 sicut
1441 1119 1648 1151 karissimum
1667 1124 1750 1152 beati
1767 1125 1853 1154 Petri
1871 1127 1972 1156 filium
1990 1128 2170 1164 honorabit,
2185 1134 2215 1158 et

1251 1171 1433 1201 venientem
1451 1182 1507 1210 pro
1523 1182 1638 1205 corone
1656 1186 1712 1206 sue
1728 1177 1929 1215 plenitudiue
1945 1181 2013 1210 sine
2029 1181 2214 1211 difficultate

1251 1228 1279 1251 et
1303 1225 1577 1261 contradictione,
1602 1234 1758 1266 qnantum
1776 1231 1808 1259 in
1826 1232 1893 1269 ipso
1911 1238 1972 1269 est,
1992 1234 2214 1272 imperatorem

1251 1277 1427 1314 coronabit,
1440 1283 1468 1307 et
1480 1279 1516 1307 ad
1533 1282 1810 1312 manutenendum
1824 1288 1916 1322 atque
1930 1286 2111 1323 augendum
2125 1291 2153 1316 ct
2166 1286 2213 1315 di-

1251 1327 1415 1358 latandum
1435 1329 1590 1361 honori-m
1609 1334 1735 1371 imperii
1754 1345 1808 1373 pro
1827 1336 1932 1366 debito
1947 1339 2045 1367 officii
2059 1339 2214 1377 suijuva-

1251 1380 1315 1417 bit3
1337 1386 1367 1410 et
1389 1383 1588 1422 quicumque
1607 1386 1771 1423 justiciam
1795 1393 1825 1417 et
1848 1389 2000 1419 honorem
2026 1392 2115 1428 regni
2139 1400 2215 1421 con-

1251 1433 1378 1464 culcare
1397 1440 1451 1465 aut
1473 1437 1656 1467 subvertere
1672 1448 1751 1469 ausu
1769 1442 1936 1472 temerario
1952 1445 2215 1482 presumpserint,

1251 1487 1389 1517 domnus
1410 1498 1487 1527 papa
1509 1498 1527 1518 a
1549 1491 1634 1528 regie
1652 1492 1813 1530 dignitatis
1830 1494 2001 1525 dilectione
2020 1498 2215 1534 premonitus

1252 1549 1306 1569 eos
1329 1540 1365 1569 ad
1391 1541 1639 1572 satisfactionem
1660 1546 1813 1576 canonice
1831 1549 2059 1578 commonebit.
2084 1550 2173 1585 Quod
2190 1551 2216 1579 si

1253 1593 1320 1630 regi
1336 1593 1372 1622 ad
1391 1594 1596 1632 apostolicam
1614 1598 1884 1629 ammonitionem
1901 1601 1940 1630 de
1958 1602 2031 1639 jure
2047 1606 2076 1631 et
2094 1603 2216 1633 bonore

1252 1645 1340 1683 regio
1354 1647 1519 1684 justiciam
1538 1648 1687 1679 exhibere
1713 1654 1978 1690 contempserint,
1997 1657 2215 1685 excommuni-

1251 1698 1385 1728 cationis
1409 1701 1568 1729 sententia
1591 1702 1611 1730 is
1632 1702 1798 1732 nodentur.
1826 1705 1904 1742 Regi
1926 1707 2019 1736 etiam
2039 1708 2215 1738 Grecorum

1252 1759 1286 1779 ex
1304 1751 1362 1780 ista
1381 1756 1465 1790 parte
1484 1753 1582 1782 maris
1601 1759 1715 1784 terram
1733 1764 1796 1785 non
1819 1758 1988 1794 concedet;
2009 1760 2093 1797 qnod
2115 1761 2140 1789 si
2161 1761 2215 1790 ille

1252 1803 1404 1833 invadere
1431 1808 1676 1844 presumpserit,
1704 1808 1843 1837 domnus
1871 1820 1948 1848 papa
1981 1812 2103 1842 viribus
2130 1814 2215 1843 beati

1253 1856 1338 1885 Petri
1356 1865 1427 1885 eum
1446 1859 1564 1887 1·‹-icere
1581 1860 1718 1889 curabit.

1293 1908 1358 1938 Hec.
1386 1910 1494 1938 omnia
1520 1919 1554 1939 ox
1586 1917 1719 1950 utraque
1744 1918 1829 1951 parte
1855 1916 1923 1944 sine
1946 1916 2055 1947 {raude
2079 1924 2108 1948 et
2132 1919 2215 1949 malo

1251 1961 1384 1998 ingenio
1401 1962 1623 1999 servabuntur,
1638 1965 1699 1993 nisi
1714 1965 1792 1995 forte
1805 1966 1904 1996 libero
1919 1972 1947 1997 et
1962 1972 2125 2000 communi
2143 1980 2216 2001 con²

1252 2022 1346 2042 sensu
1372 2015 1540 2052 utriusque
1562 2016 1787 2047 immutentur.
1814 2019 1921 2049 Testes
1937 2027 2060 2058 autem,
2078 2032 2215 2061 quorum

1253 2067 1383 2095 nomina
1400 2067 1577 2106 subscripta
1595 2069 1760 2100 videntur:
1776 2072 1938 2102 Arnoltlus
1951 2075 2153 2106 Coloniensis
2167 2087 2218 2106 ar-

1252 2118 1488 2157 chiepiscopus„
1518 2121 1725 2151 Hermannus
1751 2124 2010 2156 Constanciensis
2036 2129 2216 2167 epist-opus⁷

1255 2171 1428 2201 Anselnius
1453 2173 1722 2211 Harelbergensis
1744 2177 1926 2215 episcopm,
1951 2180 2080 2210 Ardicio
2100 2181 2216 2211 Cuma-

1255 2232 1314 2253 nus
1333 2224 1501 2262 episcopus
1525 2249 1531 2254 .
1558 2248 1564 2254 .
1593 2250 1598 2254 .
1626 2250 1631 2255 .
1656 2227 1823 2258 Curiensis
1844 2230 2026 2269 episcopus,
2047 2233 2220 2264 XYibaltlus

1254 2276 1455 2306 Stabulcnsis
1473 2277 1580 2315 abbas,
1602 2279 1751 2309 Albertus
1768 2280 1969 2312 Coloniensis
1985 2285 2136 2322 decanus,
2155 2296 2220 2316 ma-

1252 2329 1351 2366 gister
1369 2330 1530 2360 Hernicus
1547 2333 1707 2369 notarius,
1726 2334 1923 2365 Gottisredus
1941 2337 2149 2368 Viterbiensis
2169 2349 2219 2369 ca-

1255 2381 1400 2418 pellanus
1417 2383 1519 2420 regis;
1538 2393 1573 2413 ex
1591 2384 1681 2414 laicis
1696 2394 1822 2425 quoque.
1836 2388 1973 2426 Welpbo
1987 2390 2062 2427 dux,
2077 2393 2220 2423 marchio

1255 2434 1464 2465 Hermannus
1487 2436 1525 2465 de
1543 2436 1668 2473 Baden,
1687 2441 1792 2468 comes
1811 2440 1939 2470 Uli-icus
1959 2442 1997 2471 de
2019 2444 2218 2482 Lenzburcb,

1253 2495 1359 2516 comes
1374 2487 1554 2517 Wernerus
1568 2489 1606 2518 de
1621 2490 1819 2527 Lensburcli,
1837 2494 2011 2524 Anselmus
2025 2498 2220 2527 camerarius

1255 2545 1284 2569 et
1303 2540 1528 2571 ministerialis
1547 2543 1641 2579 regis.

1294 2592 1432 2630 Signum
1456 2594 1568 2623 domni
1594 2595 1752 2625 Frederici
1778 2597 1994 2628 Romanorum
2019 2601 2220 2639 imperatoris

1254 2646 1470 2675 invictissimi.

1296 2698 1360 2735 Ego
1378 2698 1540 2728 Arnoldus
1557 2700 1767 2730 cancellarius
1786 2705 1966 2740 recognovi.

1296 2750 1411 2779 Datum
1429 2750 1625 2788 Constanfie,
1640 2762 1657 2781 x
1671 2753 1734 2782 kal.
1751 2755 1861 2792 aprilis
1878 2758 2056 2788 indictione
2070 2769 2121 2796 xv,
2135 2770 2221 2791 anno

126 2912 147 2935 t.
165 2909 207 2942 ΙΙ,
229 2918 256 2944 p.
275 2909 326 2942 93;
345 2910 379 2936 M.
396 2910 426 2936 G.
443 2911 671 2941 Constitutiones,
691 2915 710 2937 t.
727 2911 754 2941 Ι,
773 2920 800 2945 p.
818 2911 879 2938 202.
895 2926 930 2931 —
947 2912 1086 2943 Albinus,
1104 2912 1134 2938 X

127 2958 171 2985 6¹.
190 2957 277 2984 Paete
292 2958 327 2984 de
343 2959 505 2985 Constance
521 2963 601 2985 entre
618 2959 752 2986 Fi·cde1·ic
769 2959 979 2990 Barbcrousse,
994 2968 1028 2986 au
1046 2960 1135 2987 debut

124 3006 162 3032 de
177 3014 230 3033 son
247 3007 349 3041 regne,
368 3011 394 3033 et
410 3007 434 3032 lc
452 3015 523 3042 pape
539 3007 657 3041 Eugene
674 3007 726 3035 111.

1247 2931 1261 2950 e
1276 2928 1437 2956 quantotius
1453 2928 1474 2950 A
1491 2941 1519 2944 —
1537 2934 1561 2953 15
1575 2929 1703 2953 veniente
1718 2932 1739 2954 A
1752 2944 1782 2948 —
1795 2937 1824 2957 20
1837 2934 1894 2964 aut]
1911 2942 1940 2957 ac
1955 2918 2018 2958 AV—
2033 2942 2063 2962 24
2079 2943 2222 2970 contemp-

1217 2970 1284 2993 serit
1300 2970 1323 2993 A
1340 2984 1367 2986 —
1383 2976 1412 2995 25
1428 2971 1578 2995 innodetur
1593 2972 1616 2995 A
1630 2985 1658 2990 —
1676 2979 1700 2999 31
1722 2966 1812 2999 au‘tem
1830 2981 1959 3005 <sunt>
1978 2981 1999 3003 A
2014 2993 2042 2997 —
2060 2986 2089 3006 32
2103 2989 2221 3006 cernun-

1219 3015 1264 3036 tur
1279 3014 1302 3037 A
1318 3027 1346 3030 —
1363 3019 1390 3039 37
1409 3014 1574 3039 Gotefredus
1591 3017 1612 3039 A
1630 3030 1657 3034 -
1671 3021 1697 3042 ἀι
1716 3020 1792 3049 regni
1811 3021 1831 3043 A

2269 938 2292 956 10

2270 1200 2293 1217 ¹5

2271 1986 2295 2003 30

2275 2514 2300 2532 40

2275 2775 2301 2794 45
